@ARTICLE{Duchene2013,
       author = {{Duch{\^e}ne}, Gaspard and {Kraus}, Adam},
        title = "{Stellar Multiplicity}",
      journal = {\araa},
     keywords = {Astrophysics - Solar and Stellar Astrophysics},
         year = 2013,
        month = aug,
       volume = {51},
       number = {1},
        pages = {269-310},
          doi = {10.1146/annurev-astro-081710-102602},
archivePrefix = {arXiv},
       eprint = {1303.3028},
 primaryClass = {astro-ph.SR},
       adsurl = {https://ui.adsabs.harvard.edu/abs/2013ARA&A..51..269D},
      adsnote = {Provided by the SAO/NASA Astrophysics Data System}
}

@ARTICLE{Kirk2016,
       author = {{Kirk}, Brian and {Conroy}, Kyle and {Pr{\v{s}}a}, Andrej and {Abdul-Masih}, Michael and {Kochoska}, Angela and {Matijevi{\v{c}}}, Gal and {Hambleton}, Kelly and {Barclay}, Thomas and {Bloemen}, Steven and {Boyajian}, Tabetha and {Doyle}, Laurance R. and {Fulton}, B.~J. and {Hoekstra}, Abe Johannes and {Jek}, Kian and {Kane}, Stephen R. and {Kostov}, Veselin and {Latham}, David and {Mazeh}, Tsevi and {Orosz}, Jerome A. and {Pepper}, Joshua and {Quarles}, Billy and {Ragozzine}, Darin and {Shporer}, Avi and {Southworth}, John and {Stassun}, Keivan and {Thompson}, Susan E. and {Welsh}, William F. and {Agol}, Eric and {Derekas}, Aliz and {Devor}, Jonathan and {Fischer}, Debra and {Green}, Gregory and {Gropp}, Jeff and {Jacobs}, Tom and {Johnston}, Cole and {LaCourse}, Daryll Matthew and {Saetre}, Kristian and {Schwengeler}, Hans and {Toczyski}, Jacek and {Werner}, Griffin and {Garrett}, Matthew and {Gore}, Joanna and {Martinez}, Arturo O. and {Spitzer}, Isaac and {Stevick}, Justin and {Thomadis}, Pantelis C. and {Vrijmoet}, Eliot Halley and {Yenawine}, Mitchell and {Batalha}, Natalie and {Borucki}, William},
        title = "{Kepler Eclipsing Binary Stars. VII. The Catalog of Eclipsing Binaries Found in the Entire Kepler Data Set}",
      journal = {\aj},
     keywords = {binaries: eclipsing, catalogs, methods: data analysis, methods: numerical, stars: fundamental parameters, stars: statistics, Astrophysics - Solar and Stellar Astrophysics},
         year = 2016,
        month = mar,
       volume = {151},
       number = {3},
          eid = {68},
        pages = {68},
          doi = {10.3847/0004-6256/151/3/68},
archivePrefix = {arXiv},
       eprint = {1512.08830},
 primaryClass = {astro-ph.SR},
       adsurl = {https://ui.adsabs.harvard.edu/abs/2016AJ....151...68K},
      adsnote = {Provided by the SAO/NASA Astrophysics Data System}
}

@ARTICLE{2016MNRAS.462.3616M,
       author = {{Marinoni}, S. and {Pancino}, E. and {Altavilla}, G. and {Bellazzini}, M. and {Galleti}, S. and {Tessicini}, G. and {Valentini}, G. and {Cocozza}, G. and {Ragaini}, S. and {Braga}, V. and {Bragaglia}, A. and {Federici}, L. and {Schuster}, W.~J. and {Carrasco}, J.~M. and {Castro}, A. and {Figueras}, F. and {Jordi}, C.},
        title = "{The Gaia spectrophotometric standard stars survey - III. Short-term variability monitoring}",
      journal = {\mnras},
     keywords = {techniques: photometric, binaries: general, stars: variables: general, Astrophysics - Solar and Stellar Astrophysics},
         year = 2016,
        month = nov,
       volume = {462},
       number = {4},
        pages = {3616-3627},
          doi = {10.1093/mnras/stw1886},
archivePrefix = {arXiv},
       eprint = {1608.00759},
 primaryClass = {astro-ph.SR},
       adsurl = {https://ui.adsabs.harvard.edu/abs/2016MNRAS.462.3616M},
      adsnote = {Provided by the SAO/NASA Astrophysics Data System}
}

@ARTICLE{2021MNRAS.501.2848A,
       author = {{Altavilla}, G. and {Marinoni}, S. and {Pancino}, E. and {Galleti}, S. and {Bellazzini}, M. and {Sanna}, N. and {Rainer}, M. and {Tessicini}, G. and {Carrasco}, J.~M. and {Bragaglia}, A. and {Schuster}, W.~J. and {Cocozza}, G. and {Gebran}, M. and {Voss}, H. and {Federici}, L. and {Masana}, E. and {Jordi}, C. and {Mongui{\'o}}, M. and {Castro}, A. and {Pe{\~n}a-Guerrero}, M.~A. and {P{\'e}rez-Villegas}, A.},
        title = "{The Gaia spectrophotometric standard stars survey - IV. Results of the absolute photometry campaign}",
      journal = {\mnras},
     keywords = {techniques: photometric, catalogues, surveys, stars: general, Astrophysics - Solar and Stellar Astrophysics},
         year = 2021,
        month = feb,
       volume = {501},
       number = {2},
        pages = {2848-2861},
          doi = {10.1093/mnras/staa3655},
archivePrefix = {arXiv},
       eprint = {2011.08625},
 primaryClass = {astro-ph.SR},
       adsurl = {https://ui.adsabs.harvard.edu/abs/2021MNRAS.501.2848A},
      adsnote = {Provided by the SAO/NASA Astrophysics Data System}
}

@ARTICLE{2021ApJ...912..125G,
       author = {{Guidry}, Joseph A. and {Vanderbosch}, Zachary P. and {Hermes}, J.~J. and {Barlow}, Brad N. and {Lopez}, Isaac D. and {Boudreaux}, Thomas M. and {Corcoran}, Kyle A. and {Bell}, Keaton J. and {Montgomery}, M.~H. and {Heintz}, Tyler M. and {Castanheira}, Barbara G. and {Reding}, Joshua S. and {Dunlap}, Bart H. and {Winget}, D.~E. and {Winget}, Karen I. and {Kuehne}, J.~W.},
        title = "{I Spy Transits and Pulsations: Empirical Variability in White Dwarfs Using Gaia and the Zwicky Transient Facility}",
      journal = {\apj},
     keywords = {White dwarf stars, Variable stars, Stellar pulsations, ZZ Ceti stars, Transits, Planetesimals, Circumstellar dust, Transient detection, Cataclysmic variable stars, 1799, 1761, 1625, 1847, 1711, 1259, 236, 1957, 203, Astrophysics - Solar and Stellar Astrophysics, Astrophysics - Earth and Planetary Astrophysics, Astrophysics - Instrumentation and Methods for Astrophysics},
         year = 2021,
        month = may,
       volume = {912},
       number = {2},
          eid = {125},
        pages = {125},
          doi = {10.3847/1538-4357/abee68},
archivePrefix = {arXiv},
       eprint = {2012.00035},
 primaryClass = {astro-ph.SR},
       adsurl = {https://ui.adsabs.harvard.edu/abs/2021ApJ...912..125G},
      adsnote = {Provided by the SAO/NASA Astrophysics Data System}
}

@ARTICLE{2021ApJ...908..180A,
       author = {{Andrew}, Shion and {Swihart}, Samuel J. and {Strader}, Jay},
        title = "{Identifying Candidate Optical Variables Using Gaia Data Release 2}",
      journal = {\apj},
     keywords = {Variable stars, Sky surveys, Catalogs, 1761, 1464, 205, Astrophysics - Instrumentation and Methods for Astrophysics},
         year = 2021,
        month = feb,
       volume = {908},
       number = {2},
          eid = {180},
        pages = {180},
          doi = {10.3847/1538-4357/abd257},
archivePrefix = {arXiv},
       eprint = {2012.04006},
 primaryClass = {astro-ph.IM},
       adsurl = {https://ui.adsabs.harvard.edu/abs/2021ApJ...908..180A},
      adsnote = {Provided by the SAO/NASA Astrophysics Data System}
}

@ARTICLE{Prsa2021,
       author = {{Prsa}, Andrej and {Kochoska}, Angela and {Conroy}, Kyle E. and {Eisner}, Nora and {Hey}, Daniel R. and {IJspeert}, Luc and {Kruse}, Ethan and {Fleming}, Scott W. and {Johnston}, Cole and {Kristiansen}, Martti H. and {LaCourse}, Daryll and {Mortensen}, Danielle and {Pepper}, Joshua and {Stassun}, Keivan G. and {Torres}, Guillermo and {Abdul-Masih}, Michael and {Chakraborty}, Joheen and {Gagliano}, Robert and {Guo}, Zhao and {Hambleton}, Kelly and {Hong}, Kyeongsoo and {Jacobs}, Thomas and {Jones}, David and {Kostov}, Veselin and {Lee}, Jae Woo and {Omohundro}, Mark and {Orosz}, Jerome A. and {Page}, Emma J. and {Powell}, Brian P. and {Rappaport}, Saul and {Reed}, Phill and {Schnittman}, Jeremy and {Schwengeler}, Hans Martin and {Shporer}, Avi and {Terentev}, Ivan A. and {Vanderburg}, Andrew and {Welsh}, William F. and {Caldwell}, Douglas A. and {Doty}, John P. and {Jenkins}, Jon M. and {Latham}, David W. and {Ricker}, George R. and {Seager}, Sara and {Schlieder}, Joshua E. and {Shiao}, Bernie and {Vanderspek}, Roland and {Winn}, Joshua N.},
        title = "{TESS Eclipsing Binary Stars. I. Short cadence observations of 4584 eclipsing binaries in Sectors 1-26}",
      journal = {arXiv e-prints},
     keywords = {Astrophysics - Solar and Stellar Astrophysics},
         year = 2021,
        month = oct,
          eid = {arXiv:2110.13382},
        pages = {arXiv:2110.13382},
archivePrefix = {arXiv},
       eprint = {2110.13382},
 primaryClass = {astro-ph.SR},
       adsurl = {https://ui.adsabs.harvard.edu/abs/2021arXiv211013382P},
      adsnote = {Provided by the SAO/NASA Astrophysics Data System}
}

@ARTICLE{Balona2021,
       author = {{Balona}, Luis A.},
        title = "{Spots and flares in hot main sequence stars observed by Kepler, K2 and TESS}",
      journal = {Frontiers in Astronomy and Space Sciences},
     keywords = {Stellar activity, stellar rotation, star spots, flare stars, time series},
         year = 2021,
        month = mar,
       volume = {8},
          eid = {32},
        pages = {32},
          doi = {10.3389/fspas.2021.580907},
       adsurl = {https://ui.adsabs.harvard.edu/abs/2021FrASS...8...32B},
      adsnote = {Provided by the SAO/NASA Astrophysics Data System}
}

@ARTICLE{Lee1985,
       author = {{Lee}, U.},
        title = "{Stability of the Delta Scuti stars against nonradial oscillations with low degrees {\ensuremath{\ell}}}",
      journal = {\pasj},
     keywords = {Stellar Oscillations, Variable Stars, Adiabatic Conditions, Boundary Value Problems, Integrals, Linear Equations, Vibration Mode, Astrophysics},
         year = 1985,
        month = jan,
       volume = {37},
       number = {2},
        pages = {279-291},
       adsurl = {https://ui.adsabs.harvard.edu/abs/1985PASJ...37..279L},
      adsnote = {Provided by the SAO/NASA Astrophysics Data System}
}


@ARTICLE{Charbonneau2014,
       author = {{Charbonneau}, Paul},
        title = "{Solar Dynamo Theory}",
      journal = {\araa},
         year = 2014,
        month = aug,
       volume = {52},
        pages = {251-290},
          doi = {10.1146/annurev-astro-081913-040012},
       adsurl = {https://ui.adsabs.harvard.edu/abs/2014ARA&A..52..251C},
      adsnote = {Provided by the SAO/NASA Astrophysics Data System}
}

@ARTICLE{Parker1955,
       author = {{Parker}, Eugene N.},
        title = "{The Formation of Sunspots from the Solar Toroidal Field.}",
      journal = {\apj},
         year = 1955,
        month = mar,
       volume = {121},
        pages = {491},
          doi = {10.1086/146010},
       adsurl = {https://ui.adsabs.harvard.edu/abs/1955ApJ...121..491P},
      adsnote = {Provided by the SAO/NASA Astrophysics Data System}
}

@ARTICLE{Balona2013,
       author = {{Balona}, L.~A.},
        title = "{Activity in A-type stars}",
      journal = {\mnras},
     keywords = {stars: activity, stars: oscillations, stars: rotation, starspots, stars: variables: general},
         year = 2013,
        month = may,
       volume = {431},
       number = {3},
        pages = {2240-2252},
          doi = {10.1093/mnras/stt322},
       adsurl = {https://ui.adsabs.harvard.edu/abs/2013MNRAS.431.2240B},
      adsnote = {Provided by the SAO/NASA Astrophysics Data System}
}



@ARTICLE{Balona2017,
       author = {{Balona}, L.~A.},
        title = "{Starspots on A stars}",
      journal = {\mnras},
     keywords = {stars: rotation, starspots},
         year = 2017,
        month = may,
       volume = {467},
       number = {2},
        pages = {1830-1837},
          doi = {10.1093/mnras/stx265},
       adsurl = {https://ui.adsabs.harvard.edu/abs/2017MNRAS.467.1830B},
      adsnote = {Provided by the SAO/NASA Astrophysics Data System}
}

@ARTICLE{Uytterhoeven2011,
       author = {{Uytterhoeven}, K. and {Moya}, A. and {Grigahc{\`e}ne}, A. and {Guzik}, J.~A. and {Guti{\'e}rrez-Soto}, J. and {Smalley}, B. and {Handler}, G. and {Balona}, L.~A. and {Niemczura}, E. and {Fox Machado}, L. and {Benatti}, S. and {Chapellier}, E. and {Tkachenko}, A. and {Szab{\'o}}, R. and {Su{\'a}rez}, J.~C. and {Ripepi}, V. and {Pascual}, J. and {Mathias}, P. and {Mart{\'\i}n-Ru{\'\i}z}, S. and {Lehmann}, H. and {Jackiewicz}, J. and {Hekker}, S. and {Gruberbauer}, M. and {Garc{\'\i}a}, R.~A. and {Dumusque}, X. and {D{\'\i}az-Fraile}, D. and {Bradley}, P. and {Antoci}, V. and {Roth}, M. and {Leroy}, B. and {Murphy}, S.~J. and {De Cat}, P. and {Cuypers}, J. and {Kjeldsen}, H. and {Christensen-Dalsgaard}, J. and {Breger}, M. and {Pigulski}, A. and {Kiss}, L.~L. and {Still}, M. and {Thompson}, S.~E. and {van Cleve}, J.},
        title = "{The Kepler characterization of the variability among A- and F-type stars. I. General overview}",
      journal = {\aap},
     keywords = {stars: oscillations, stars: fundamental parameters, binaries: general, asteroseismology, stars: variables:{\ensuremath{\delta}}Scuti, stars: statistics, Astrophysics - Solar and Stellar Astrophysics},
         year = 2011,
        month = oct,
       volume = {534},
          eid = {A125},
        pages = {A125},
          doi = {10.1051/0004-6361/201117368},
archivePrefix = {arXiv},
       eprint = {1107.0335},
 primaryClass = {astro-ph.SR},
       adsurl = {https://ui.adsabs.harvard.edu/abs/2011A&A...534A.125U},
      adsnote = {Provided by the SAO/NASA Astrophysics Data System}
}

@ARTICLE{Grigahcene2010,
       author = {{Grigahc{\`e}ne}, A. and {Antoci}, V. and {Balona}, L. and {Catanzaro}, G. and {Daszy{\'n}ska-Daszkiewicz}, J. and {Guzik}, J.~A. and {Handler}, G. and {Houdek}, G. and {Kurtz}, D.~W. and {Marconi}, M. and {Monteiro}, M.~J.~P.~F.~G. and {Moya}, A. and {Ripepi}, V. and {Su{\'a}rez}, J. -C. and {Uytterhoeven}, K. and {Borucki}, W.~J. and {Brown}, T.~M. and {Christensen-Dalsgaard}, J. and {Gilliland}, R.~L. and {Jenkins}, J.~M. and {Kjeldsen}, H. and {Koch}, D. and {Bernabei}, S. and {Bradley}, P. and {Breger}, M. and {Di Criscienzo}, M. and {Dupret}, M. -A. and {Garc{\'\i}a}, R.~A. and {Garc{\'\i}a Hern{\'a}ndez}, A. and {Jackiewicz}, J. and {Kaiser}, A. and {Lehmann}, H. and {Mart{\'\i}n-Ruiz}, S. and {Mathias}, P. and {Molenda-{\.Z}akowicz}, J. and {Nemec}, J.~M. and {Nuspl}, J. and {Papar{\'o}}, M. and {Roth}, M. and {Szab{\'o}}, R. and {Suran}, M.~D. and {Ventura}, R.},
        title = "{Hybrid {\ensuremath{\gamma}} Doradus-{\ensuremath{\delta}} Scuti Pulsators: New Insights into the Physics of the Oscillations from Kepler Observations}",
      journal = {\apjl},
     keywords = {space vehicles: instruments, stars: variables: delta Scuti, Astrophysics - Solar and Stellar Astrophysics},
         year = 2010,
        month = apr,
       volume = {713},
       number = {2},
        pages = {L192-L197},
          doi = {10.1088/2041-8205/713/2/L192},
archivePrefix = {arXiv},
       eprint = {1001.0747},
 primaryClass = {astro-ph.SR},
       adsurl = {https://ui.adsabs.harvard.edu/abs/2010ApJ...713L.192G},
      adsnote = {Provided by the SAO/NASA Astrophysics Data System}
}

@ARTICLE{Guzik2000,
       author = {{Guzik}, Joyce A. and {Kaye}, Anthony B. and {Bradley}, Paul A. and {Cox}, Arthur N. and {Neuforge}, Corinne},
        title = "{Driving the Gravity-Mode Pulsations in {\ensuremath{\gamma}} Doradus Variables}",
      journal = {\apjl},
     keywords = {Stars: Oscillations, Stars: Variables: Other},
         year = 2000,
        month = oct,
       volume = {542},
       number = {1},
        pages = {L57-L60},
          doi = {10.1086/312908},
       adsurl = {https://ui.adsabs.harvard.edu/abs/2000ApJ...542L..57G},
      adsnote = {Provided by the SAO/NASA Astrophysics Data System}
}


@ARTICLE{Amado2004,
       author = {{Amado}, P.~J. and {Moya}, A. and {Su{\'a}rez}, J.~C. and {Mart{\'\i}n-Ruiz}, S. and {Garrido}, R. and {Rodr{\'\i}guez}, E. and {Catala}, C. and {Goupil}, M.~J.},
        title = "{The pre-main-sequence star HD34282: a very short-period {\ensuremath{\delta}} Scuti-type pulsator}",
      journal = {\mnras},
     keywords = {stars: individual: HD34282, stars: oscillations, stars: pre-main-sequence, {\ensuremath{\delta}} Scuti, Astrophysics},
         year = 2004,
        month = aug,
       volume = {352},
       number = {2},
        pages = {L11-L15},
          doi = {10.1111/j.1365-2966.2004.08116.x},
archivePrefix = {arXiv},
       eprint = {astro-ph/0406110},
 primaryClass = {astro-ph},
       adsurl = {https://ui.adsabs.harvard.edu/abs/2004MNRAS.352L..11A},
      adsnote = {Provided by the SAO/NASA Astrophysics Data System}
}

@ARTICLE{Luger2019,
       author = {{Luger}, Rodrigo and {Bedell}, Megan and {Vanderspek}, Roland and {Burke}, Christopher J.},
        title = "{TESS Photometric Mapping of a Terrestrial Planet in the Habitable Zone: Detection of Clouds, Oceans, and Continents}",
      journal = {arXiv e-prints},
     keywords = {Astrophysics - Earth and Planetary Astrophysics, Astrophysics - Instrumentation and Methods for Astrophysics},
         year = 2019,
        month = mar,
          eid = {arXiv:1903.12182},
        pages = {arXiv:1903.12182},
archivePrefix = {arXiv},
       eprint = {1903.12182},
 primaryClass = {astro-ph.EP},
       adsurl = {https://ui.adsabs.harvard.edu/abs/2019arXiv190312182L},
      adsnote = {Provided by the SAO/NASA Astrophysics Data System}
}

@ARTICLE{Guidry2021,
       author = {{Guidry}, Joseph A. and {Vanderbosch}, Zachary P. and {Hermes}, J.~J. and {Barlow}, Brad N. and {Lopez}, Isaac D. and {Boudreaux}, Thomas M. and {Corcoran}, Kyle A. and {Bell}, Keaton J. and {Montgomery}, M.~H. and {Heintz}, Tyler M. and {Castanheira}, Barbara G. and {Reding}, Joshua S. and {Dunlap}, Bart H. and {Winget}, D.~E. and {Winget}, Karen I. and {Kuehne}, J.~W.},
        title = "{I Spy Transits and Pulsations: Empirical Variability in White Dwarfs Using Gaia and the Zwicky Transient Facility}",
      journal = {\apj},
     keywords = {White dwarf stars, Variable stars, Stellar pulsations, ZZ Ceti stars, Transits, Planetesimals, Circumstellar dust, Transient detection, Cataclysmic variable stars, 1799, 1761, 1625, 1847, 1711, 1259, 236, 1957, 203, Astrophysics - Solar and Stellar Astrophysics, Astrophysics - Earth and Planetary Astrophysics, Astrophysics - Instrumentation and Methods for Astrophysics},
         year = 2021,
        month = may,
       volume = {912},
       number = {2},
          eid = {125},
        pages = {125},
          doi = {10.3847/1538-4357/abee68},
archivePrefix = {arXiv},
       eprint = {2012.00035},
 primaryClass = {astro-ph.SR},
       adsurl = {https://ui.adsabs.harvard.edu/abs/2021ApJ...912..125G},
      adsnote = {Provided by the SAO/NASA Astrophysics Data System}
}

@ARTICLE{Hermes2017MNRAS,
       author = {{Hermes}, J.~J. and {G{\"a}nsicke}, B.~T. and {Gentile Fusillo}, Nicola Pietro and {Raddi}, R. and {Hollands}, M.~A. and {Dennihy}, E. and {Fuchs}, J.~T. and {Redfield}, S.},
        title = "{When flux standards go wild: white dwarfs in the age of Kepler}",
      journal = {\mnras},
     keywords = {binaries: close, stars: oscillations, stars: rotation, starspots, white dwarfs, Astrophysics - Solar and Stellar Astrophysics},
         year = 2017,
        month = jun,
       volume = {468},
       number = {2},
        pages = {1946-1952},
          doi = {10.1093/mnras/stx567},
archivePrefix = {arXiv},
       eprint = {1703.02048},
 primaryClass = {astro-ph.SR},
       adsurl = {https://ui.adsabs.harvard.edu/abs/2017MNRAS.468.1946H},
      adsnote = {Provided by the SAO/NASA Astrophysics Data System}
}

@ARTICLE{Mathys2017,
       author = {{Mathys}, G.},
        title = "{Ap stars with resolved magnetically split lines: Magnetic field determinations from Stokes I and V spectra{\ensuremath{\star}}}",
      journal = {\aap},
     keywords = {stars: chemically peculiar, stars: magnetic field, stars: rotation, binaries: general, stars: oscillations, Astrophysics - Solar and Stellar Astrophysics},
         year = 2017,
        month = may,
       volume = {601},
          eid = {A14},
        pages = {A14},
          doi = {10.1051/0004-6361/201628429},
archivePrefix = {arXiv},
       eprint = {1612.03632},
 primaryClass = {astro-ph.SR},
       adsurl = {https://ui.adsabs.harvard.edu/abs/2017A&A...601A..14M},
      adsnote = {Provided by the SAO/NASA Astrophysics Data System}
}

@ARTICLE{Holdsworth2021,
       author = {{Holdsworth}, D.~L. and {Cunha}, M.~S. and {Kurtz}, D.~W. and {Antoci}, V. and {Hey}, D.~R. and {Bowman}, D.~M. and {Kobzar}, O. and {Buzasi}, D.~L. and {Kochukhov}, O. and {Niemczura}, E. and {Ozuyar}, D. and {Shi}, F. and {Szab{\'o}}, R. and {Samadi-Ghadim}, A. and {Bogn{\'a}r}, Zs and {Fox-Machado}, L. and {Khalack}, V. and {Lares-Martiz}, M. and {Lovekin}, C.~C. and {Miko{\l}ajczyk}, P. and {Mkrtichian}, D. and {Pascual-Granado}, J. and {Paunzen}, E. and {Richey-Yowell}, T. and {S{\'o}dor}, {\'A}. and {Sikora}, J. and {Yang}, T.~Z. and {Brunsden}, E. and {David-Uraz}, A. and {Derekas}, A. and {Garc{\'\i}a Hern{\'a}ndez}, A. and {Guzik}, J.~A. and {Hatamkhani}, N. and {Handberg}, R. and {Lambert}, T.~S. and {Lampens}, P. and {Murphy}, S.~J. and {Monier}, R. and {Pollard}, K.~R. and {Quitral-Manosalva}, P. and {Ram{\'o}n-Ballesta}, A. and {Smalley}, B. and {Stateva}, I. and {Vanderspek}, R.},
        title = "{TESS cycle 1 observations of roAp stars with 2-min cadence data}",
      journal = {\mnras},
     keywords = {asteroseismology, techniques: photometric, stars: chemically peculiar, stars: magnetic field, stars: oscillations, stars: variables, Astrophysics - Solar and Stellar Astrophysics},
         year = 2021,
        month = sep,
       volume = {506},
       number = {1},
        pages = {1073-1110},
          doi = {10.1093/mnras/stab1578},
archivePrefix = {arXiv},
       eprint = {2105.13274},
 primaryClass = {astro-ph.SR},
       adsurl = {https://ui.adsabs.harvard.edu/abs/2021MNRAS.506.1073H},
      adsnote = {Provided by the SAO/NASA Astrophysics Data System}
}

@ARTICLE{Santos2021,
       author = {{Santos}, A.~R.~G. and {Breton}, S.~N. and {Mathur}, S. and {Garc{\'\i}a}, R.~A.},
        title = "{Surface Rotation and Photometric Activity for Kepler Targets. II. G and F Main-sequence Stars and Cool Subgiant Stars}",
      journal = {\apjs},
     keywords = {Stellar rotation, Stellar activity, Starspots, Low mass stars, Catalogs, Photometry, Astronomy data analysis, 1629, 1580, 1572, 2050, 205, 1234, 1858, Astrophysics - Solar and Stellar Astrophysics},
         year = 2021,
        month = jul,
       volume = {255},
       number = {1},
          eid = {17},
        pages = {17},
          doi = {10.3847/1538-4365/ac033f},
archivePrefix = {arXiv},
       eprint = {2107.02217},
 primaryClass = {astro-ph.SR},
       adsurl = {https://ui.adsabs.harvard.edu/abs/2021ApJS..255...17S},
      adsnote = {Provided by the SAO/NASA Astrophysics Data System}
}

@ARTICLE{Sloan2015,
       author = {{Sloan}, G.~C. and {Herter}, T.~L. and {Charmandaris}, V. and {Sheth}, K. and {Burgdorf}, M. and {Houck}, J.~R.},
        title = "{Spectral Calibration in the Mid-Infrared: Challenges and Solutions}",
      journal = {\aj},
     keywords = {infrared: stars, Astrophysics - Solar and Stellar Astrophysics},
         year = 2015,
        month = jan,
       volume = {149},
       number = {1},
          eid = {11},
        pages = {11},
          doi = {10.1088/0004-6256/149/1/11},
archivePrefix = {arXiv},
       eprint = {1408.5922},
 primaryClass = {astro-ph.SR},
       adsurl = {https://ui.adsabs.harvard.edu/abs/2015AJ....149...11S},
      adsnote = {Provided by the SAO/NASA Astrophysics Data System}
}

@ARTICLE{Ricker2015,
       author = {{Ricker}, George R. and {Winn}, Joshua N. and {Vanderspek}, Roland and {Latham}, David W. and {Bakos}, G{\'a}sp{\'a}r {\'A}. and {Bean}, Jacob L. and {Berta-Thompson}, Zachory K. and {Brown}, Timothy M. and {Buchhave}, Lars and {Butler}, Nathaniel R. and {Butler}, R. Paul and {Chaplin}, William J. and {Charbonneau}, David and {Christensen-Dalsgaard}, J{\o}rgen and {Clampin}, Mark and {Deming}, Drake and {Doty}, John and {De Lee}, Nathan and {Dressing}, Courtney and {Dunham}, Edward W. and {Endl}, Michael and {Fressin}, Francois and {Ge}, Jian and {Henning}, Thomas and {Holman}, Matthew J. and {Howard}, Andrew W. and {Ida}, Shigeru and {Jenkins}, Jon M. and {Jernigan}, Garrett and {Johnson}, John Asher and {Kaltenegger}, Lisa and {Kawai}, Nobuyuki and {Kjeldsen}, Hans and {Laughlin}, Gregory and {Levine}, Alan M. and {Lin}, Douglas and {Lissauer}, Jack J. and {MacQueen}, Phillip and {Marcy}, Geoffrey and {McCullough}, Peter R. and {Morton}, Timothy D. and {Narita}, Norio and {Paegert}, Martin and {Palle}, Enric and {Pepe}, Francesco and {Pepper}, Joshua and {Quirrenbach}, Andreas and {Rinehart}, Stephen A. and {Sasselov}, Dimitar and {Sato}, Bun'ei and {Seager}, Sara and {Sozzetti}, Alessandro and {Stassun}, Keivan G. and {Sullivan}, Peter and {Szentgyorgyi}, Andrew and {Torres}, Guillermo and {Udry}, Stephane and {Villasenor}, Joel},
        title = "{Transiting Exoplanet Survey Satellite (TESS)}",
      journal = {Journal of Astronomical Telescopes, Instruments, and Systems},
         year = 2015,
        month = jan,
       volume = {1},
          eid = {014003},
        pages = {014003},
          doi = {10.1117/1.JATIS.1.1.014003},
       adsurl = {https://ui.adsabs.harvard.edu/abs/2015JATIS...1a4003R},
      adsnote = {Provided by the SAO/NASA Astrophysics Data System}
}

@ARTICLE{Boyajian2016MNRAS,
       author = {{Boyajian}, T.~S. and {LaCourse}, D.~M. and {Rappaport}, S.~A. and {Fabrycky}, D. and {Fischer}, D.~A. and {Gandolfi}, D. and {Kennedy}, G.~M. and {Korhonen}, H. and {Liu}, M.~C. and {Moor}, A. and {Olah}, K. and {Vida}, K. and {Wyatt}, M.~C. and {Best}, W.~M.~J. and {Brewer}, J. and {Ciesla}, F. and {Cs{\'a}k}, B. and {Deeg}, H.~J. and {Dupuy}, T.~J. and {Handler}, G. and {Heng}, K. and {Howell}, S.~B. and {Ishikawa}, S.~T. and {Kov{\'a}cs}, J. and {Kozakis}, T. and {Kriskovics}, L. and {Lehtinen}, J. and {Lintott}, C. and {Lynn}, S. and {Nespral}, D. and {Nikbakhsh}, S. and {Schawinski}, K. and {Schmitt}, J.~R. and {Smith}, A.~M. and {Szabo}, Gy. and {Szabo}, R. and {Viuho}, J. and {Wang}, J. and {Weiksnar}, A. and {Bosch}, M. and {Connors}, J.~L. and {Goodman}, S. and {Green}, G. and {Hoekstra}, A.~J. and {Jebson}, T. and {Jek}, K.~J. and {Omohundro}, M.~R. and {Schwengeler}, H.~M. and {Szewczyk}, A.},
        title = "{Planet Hunters IX. KIC 8462852 - where's the flux?}",
      journal = {\mnras},
     keywords = {comets: general, planets and satellites: dynamical evolution and stability, stars: activity, stars: individual: KIC 8462852, stars: peculiar, Astrophysics - Solar and Stellar Astrophysics, Astrophysics - Earth and Planetary Astrophysics},
         year = 2016,
        month = apr,
       volume = {457},
       number = {4},
        pages = {3988-4004},
          doi = {10.1093/mnras/stw218},
archivePrefix = {arXiv},
       eprint = {1509.03622},
 primaryClass = {astro-ph.SR},
       adsurl = {https://ui.adsabs.harvard.edu/abs/2016MNRAS.457.3988B},
      adsnote = {Provided by the SAO/NASA Astrophysics Data System}
}

@ARTICLE{Bohlin2014PASP126,
       author = {{Bohlin}, Ralph C. and {Gordon}, Karl D. and {Tremblay}, P. -E.},
        title = "{Techniques and Review of Absolute Flux Calibration from the Ultraviolet to the Mid-Infrared}",
      journal = {\pasp},
     keywords = {Astrophysics - Instrumentation and Methods for Astrophysics, Astrophysics - Solar and Stellar Astrophysics},
         year = 2014,
        month = aug,
       volume = {126},
       number = {942},
        pages = {711},
          doi = {10.1086/677655},
archivePrefix = {arXiv},
       eprint = {1406.1707},
 primaryClass = {astro-ph.IM},
       adsurl = {https://ui.adsabs.harvard.edu/abs/2014PASP..126..711B},
      adsnote = {Provided by the SAO/NASA Astrophysics Data System}
}

@ARTICLE{Cotton2020RNAAS4,
       author = {{Cotton}, Daniel V. and {Bailey}, Jeremy and {De Horta}, Ain Yaci and {Norris}, Barnaby R.~M. and {Lomax}, Jamie R.},
        title = "{Multi-band Aperture Polarimetry of Betelgeuse during the 2019-20 Dimming}",
      journal = {Research Notes of the American Astronomical Society},
     keywords = {1278, 988, 2012},
         year = 2020,
        month = mar,
       volume = {4},
       number = {3},
          eid = {39},
        pages = {39},
          doi = {10.3847/2515-5172/ab7f2f},
       adsurl = {https://ui.adsabs.harvard.edu/abs/2020RNAAS...4...39C},
      adsnote = {Provided by the SAO/NASA Astrophysics Data System}
}
@ARTICLE{Betelgeuse2021Natur594,
       author = {{Montarg{\`e}s}, M. and {Cannon}, E. and {Lagadec}, E. and {de Koter}, A. and {Kervella}, P. and {Sanchez-Bermudez}, J. and {Paladini}, C. and {Cantalloube}, F. and {Decin}, L. and {Scicluna}, P. and {Kravchenko}, K. and {Dupree}, A.~K. and {Ridgway}, S. and {Wittkowski}, M. and {Anugu}, N. and {Norris}, R. and {Rau}, G. and {Perrin}, G. and {Chiavassa}, A. and {Kraus}, S. and {Monnier}, J.~D. and {Millour}, F. and {Le Bouquin}, J. -B. and {Haubois}, X. and {Lopez}, B. and {Stee}, P. and {Danchi}, W.},
        title = "{A dusty veil shading Betelgeuse during its Great Dimming}",
      journal = {\nat},
         year = 2021,
        month = jan,
       volume = {594},
       number = {7863},
        pages = {365-368},
          doi = {10.1038/s41586-021-03546-8},
       adsurl = {https://ui.adsabs.harvard.edu/abs/2021Natur.594..365M},
      adsnote = {Provided by the SAO/NASA Astrophysics Data System}
}

@ARTICLE{Hermes2021ApJ,
       author = {{Hermes}, J.~J. and {Putterman}, Odelia and {Hollands}, Mark A. and {Wilson}, David J. and {Swan}, Andrew and {Raddi}, Roberto and {Shen}, Ken J. and {G{\"a}nsicke}, Boris T.},
        title = "{8.9 hr Rotation in the Partly Burnt Runaway Stellar Remnant LP 40-365 (GD 492)}",
      journal = {\apjl},
     keywords = {Supernova remnants, White dwarf stars, Stellar rotation, 1667, 1799, 1629, Astrophysics - Solar and Stellar Astrophysics},
         year = 2021,
        month = jun,
       volume = {914},
       number = {1},
          eid = {L3},
        pages = {L3},
          doi = {10.3847/2041-8213/ac00a8},
archivePrefix = {arXiv},
       eprint = {2105.06480},
 primaryClass = {astro-ph.SR},
       adsurl = {https://ui.adsabs.harvard.edu/abs/2021ApJ...914L...3H},
      adsnote = {Provided by the SAO/NASA Astrophysics Data System}
}

@ARTICLE{Kilic2015ApJ,
       author = {{Kilic}, Mukremin and {Gianninas}, Alexandros and {Bell}, Keaton J. and {Curd}, Brandon and {Brown}, Warren R. and {Hermes}, J.~J. and {Dufour}, Patrick and {Wisniewski}, John P. and {Winget}, D.~E. and {Winget}, K.~I.},
        title = "{A Dark Spot on a Massive White Dwarf}",
      journal = {\apjl},
     keywords = {starspots, white dwarfs, Astrophysics - Solar and Stellar Astrophysics},
         year = 2015,
        month = dec,
       volume = {814},
       number = {2},
          eid = {L31},
        pages = {L31},
          doi = {10.1088/2041-8205/814/2/L31},
archivePrefix = {arXiv},
       eprint = {1511.07320},
 primaryClass = {astro-ph.SR},
       adsurl = {https://ui.adsabs.harvard.edu/abs/2015ApJ...814L..31K},
      adsnote = {Provided by the SAO/NASA Astrophysics Data System}
}

@ARTICLE{Vanderburg2015Natur,
       author = {{Vanderburg}, Andrew and {Johnson}, John Asher and {Rappaport}, Saul and {Bieryla}, Allyson and {Irwin}, Jonathan and {Lewis}, John Arban and {Kipping}, David and {Brown}, Warren R. and {Dufour}, Patrick and {Ciardi}, David R. and {Angus}, Ruth and {Schaefer}, Laura and {Latham}, David W. and {Charbonneau}, David and {Beichman}, Charles and {Eastman}, Jason and {McCrady}, Nate and {Wittenmyer}, Robert A. and {Wright}, Jason T.},
        title = "{A disintegrating minor planet transiting a white dwarf}",
      journal = {\nat},
     keywords = {Astrophysics - Earth and Planetary Astrophysics, Astrophysics - Solar and Stellar Astrophysics},
         year = 2015,
        month = oct,
       volume = {526},
       number = {7574},
        pages = {546-549},
          doi = {10.1038/nature15527},
archivePrefix = {arXiv},
       eprint = {1510.06387},
 primaryClass = {astro-ph.EP},
       adsurl = {https://ui.adsabs.harvard.edu/abs/2015Natur.526..546V},
      adsnote = {Provided by the SAO/NASA Astrophysics Data System}
}

@ARTICLE{Provencal2009ApJGD358,
       author = {{Provencal}, J.~L. and {Montgomery}, M.~H. and {Kanaan}, A. and {Shipman}, H.~L. and {Childers}, D. and {Baran}, A. and {Kepler}, S.~O. and {Reed}, M. and {Zhou}, A. and {Eggen}, J. and {Watson}, T.~K. and {Winget}, D.~E. and {Thompson}, S.~E. and {Riaz}, B. and {Nitta}, A. and {Kleinman}, S.~J. and {Crowe}, R. and {Slivkoff}, J. and {Sherard}, P. and {Purves}, N. and {Binder}, P. and {Knight}, R. and {Kim}, S. -L. and {Chen}, Wen-Ping and {Yang}, M. and {Lin}, H.~C. and {Lin}, C.~C. and {Chen}, C.~W. and {Jiang}, X.~J. and {Sergeev}, A.~V. and {Mkrtichian}, D. and {Andreev}, M. and {Janulis}, R. and {Siwak}, M. and {Zola}, S. and {Koziel}, D. and {Stachowski}, G. and {Paparo}, M. and {Bognar}, Zs. and {Handler}, G. and {Lorenz}, D. and {Steininger}, B. and {Beck}, P. and {Nagel}, T. and {Kusterer}, D. and {Hoffman}, A. and {Reiff}, E. and {Kowalski}, R. and {Vauclair}, G. and {Charpinet}, S. and {Chevreton}, M. and {Solheim}, J.~E. and {Pakstiene}, E. and {Fraga}, L. and {Dalessio}, J.},
        title = "{2006 Whole Earth Telescope Observations of GD358: A New Look at the Prototype DBV}",
      journal = {\apj},
     keywords = {stars: evolution, stars: individual: GD358, stars: oscillations, white dwarfs, Astrophysics},
         year = 2009,
        month = mar,
       volume = {693},
       number = {1},
        pages = {564-585},
          doi = {10.1088/0004-637X/693/1/564},
archivePrefix = {arXiv},
       eprint = {0811.0768},
 primaryClass = {astro-ph},
       adsurl = {https://ui.adsabs.harvard.edu/abs/2009ApJ...693..564P},
      adsnote = {Provided by the SAO/NASA Astrophysics Data System}
}

@ARTICLE{Krick2021IRAC,
       author = {{Krick}, Jessica E. and {Lowrance}, Patrick and {Carey}, Sean and {Laine}, Seppo and {Grillmair}, Carl and {Van Dyk}, Schuyler D. and {Glaccum}, William J. and {Ingalls}, James G. and {Rieke}, George and {Hora}, Joseph L. and {Fazio}, Giovanni G. and {Gordon}, Karl D. and {Bohlin}, Ralph C.},
        title = "{Spitzer IRAC Photometry of JWST Calibration Stars}",
      journal = {\aj},
     keywords = {Photometric standard stars, Infrared photometry, Flux calibration, 1232, 792, 544, Astrophysics - Solar and Stellar Astrophysics},
         year = 2021,
        month = apr,
       volume = {161},
       number = {4},
          eid = {177},
        pages = {177},
          doi = {10.3847/1538-3881/abe390},
archivePrefix = {arXiv},
       eprint = {2102.02319},
 primaryClass = {astro-ph.SR},
       adsurl = {https://ui.adsabs.harvard.edu/abs/2021AJ....161..177K},
      adsnote = {Provided by the SAO/NASA Astrophysics Data System}
}

@ARTICLE{Bohlin2011AJ,
       author = {{Bohlin}, R.~C. and {Gordon}, K.~D. and {Rieke}, G.~H. and {Ardila}, D. and {Carey}, S. and {Deustua}, S. and {Engelbracht}, C. and {Ferguson}, H.~C. and {Flanagan}, K. and {Kalirai}, J. and {Meixner}, M. and {Noriega-Crespo}, A. and {Su}, K.~Y.~L. and {Tremblay}, P. -E.},
        title = "{Absolute Flux Calibration of the IRAC Instrument on the Spitzer Space Telescope Using Hubble Space Telescope Flux Standards}",
      journal = {\aj},
     keywords = {stars: atmospheres, stars: fundamental parameters, techniques: spectroscopic, Astrophysics - Instrumentation and Methods for Astrophysics},
         year = 2011,
        month = may,
       volume = {141},
       number = {5},
          eid = {173},
        pages = {173},
          doi = {10.1088/0004-6256/141/5/173},
archivePrefix = {arXiv},
       eprint = {1103.3469},
 primaryClass = {astro-ph.IM},
       adsurl = {https://ui.adsabs.harvard.edu/abs/2011AJ....141..173B},
      adsnote = {Provided by the SAO/NASA Astrophysics Data System}
}

@ARTICLE{Stassun2018TIC,
       author = {{Stassun}, Keivan G. and {Oelkers}, Ryan J. and {Pepper}, Joshua and {Paegert}, Martin and {De Lee}, Nathan and {Torres}, Guillermo and {Latham}, David W. and {Charpinet}, St{\'e}phane and {Dressing}, Courtney D. and {Huber}, Daniel and {Kane}, Stephen R. and {L{\'e}pine}, S{\'e}bastien and {Mann}, Andrew and {Muirhead}, Philip S. and {Rojas-Ayala}, B{\'a}rbara and {Silvotti}, Roberto and {Fleming}, Scott W. and {Levine}, Al and {Plavchan}, Peter},
        title = "{The TESS Input Catalog and Candidate Target List}",
      journal = {\aj},
     keywords = {stars: fundamental parameters, Astrophysics - Earth and Planetary Astrophysics, Astrophysics - Solar and Stellar Astrophysics},
         year = 2018,
        month = sep,
       volume = {156},
       number = {3},
          eid = {102},
        pages = {102},
          doi = {10.3847/1538-3881/aad050},
archivePrefix = {arXiv},
       eprint = {1706.00495},
 primaryClass = {astro-ph.EP},
       adsurl = {https://ui.adsabs.harvard.edu/abs/2018AJ....156..102S},
      adsnote = {Provided by the SAO/NASA Astrophysics Data System}
}


@ARTICLE{Bedard2017WD,
       author = {{B{\'e}dard}, A. and {Bergeron}, P. and {Fontaine}, G.},
        title = "{Measurements of Physical Parameters of White Dwarfs: A Test of the Mass-Radius Relation}",
      journal = {\apj},
     keywords = {stars: fundamental parameters, techniques: photometric, techniques: spectroscopic, Astrophysics - Solar and Stellar Astrophysics},
         year = 2017,
        month = oct,
       volume = {848},
       number = {1},
          eid = {11},
        pages = {11},
          doi = {10.3847/1538-4357/aa8bb6},
archivePrefix = {arXiv},
       eprint = {1709.02324},
 primaryClass = {astro-ph.SR},
       adsurl = {https://ui.adsabs.harvard.edu/abs/2017ApJ...848...11B},
      adsnote = {Provided by the SAO/NASA Astrophysics Data System}
}

@ARTICLE{Metcalfe2012_16Cyg,
       author = {{Metcalfe}, T.~S. and {Chaplin}, W.~J. and {Appourchaux}, T. and {Garc{\'\i}a}, R.~A. and {Basu}, S. and {Brand{\~a}o}, I. and {Creevey}, O.~L. and {Deheuvels}, S. and {Do{\v{g}}an}, G. and {Eggenberger}, P. and {Karoff}, C. and {Miglio}, A. and {Stello}, D. and {Y{\i}ld{\i}z}, M. and {{\c{C}}elik}, Z. and {Antia}, H.~M. and {Benomar}, O. and {Howe}, R. and {R{\'e}gulo}, C. and {Salabert}, D. and {Stahn}, T. and {Bedding}, T.~R. and {Davies}, G.~R. and {Elsworth}, Y. and {Gizon}, L. and {Hekker}, S. and {Mathur}, S. and {Mosser}, B. and {Bryson}, S.~T. and {Still}, M.~D. and {Christensen-Dalsgaard}, J. and {Gilliland}, R.~L. and {Kawaler}, S.~D. and {Kjeldsen}, H. and {Ibrahim}, K.~A. and {Klaus}, T.~C. and {Li}, J.},
        title = "{Asteroseismology of the Solar Analogs 16 Cyg A and B from Kepler Observations}",
      journal = {\apjl},
     keywords = {stars: fundamental parameters, stars: individual: HD 186408 HD 186427, stars: interiors, stars: oscillations, stars: solar-type, Astrophysics - Solar and Stellar Astrophysics, Astrophysics - Earth and Planetary Astrophysics},
         year = 2012,
        month = mar,
       volume = {748},
       number = {1},
          eid = {L10},
        pages = {L10},
          doi = {10.1088/2041-8205/748/1/L10},
archivePrefix = {arXiv},
       eprint = {1201.5966},
 primaryClass = {astro-ph.SR},
       adsurl = {https://ui.adsabs.harvard.edu/abs/2012ApJ...748L..10M},
      adsnote = {Provided by the SAO/NASA Astrophysics Data System}
}
@ARTICLE{gaiaDR22018,
       author = {{Gaia Collaboration} and {Brown}, A.~G.~A. and {Vallenari}, A. and {Prusti}, T. and {de Bruijne}, J.~H.~J. and {Babusiaux}, C. and {Bailer-Jones}, C.~A.~L. and {Biermann}, M. and {Evans}, D.~W. and {Eyer}, L. and {Jansen}, F. and {Jordi}, C. and {Klioner}, S.~A. and {Lammers}, U. and {Lindegren}, L. and {Luri}, X. and {Mignard}, F. and {Panem}, C. and {Pourbaix}, D. and {Randich}, S. and {Sartoretti}, P. and {Siddiqui}, H.~I. and {Soubiran}, C. and {van Leeuwen}, F. and {Walton}, N.~A. and {Arenou}, F. and {Bastian}, U. and {Cropper}, M. and {Drimmel}, R. and {Katz}, D. and {Lattanzi}, M.~G. and {Bakker}, J. and {Cacciari}, C. and {Casta{\~n}eda}, J. and {Chaoul}, L. and {Cheek}, N. and {De Angeli}, F. and {Fabricius}, C. and {Guerra}, R. and {Holl}, B. and {Masana}, E. and {Messineo}, R. and {Mowlavi}, N. and {Nienartowicz}, K. and {Panuzzo}, P. and {Portell}, J. and {Riello}, M. and {Seabroke}, G.~M. and {Tanga}, P. and {Th{\'e}venin}, F. and {Gracia-Abril}, G. and {Comoretto}, G. and {Garcia-Reinaldos}, M. and {Teyssier}, D. and {Altmann}, M. and {Andrae}, R. and {Audard}, M. and {Bellas-Velidis}, I. and {Benson}, K. and {Berthier}, J. and {Blomme}, R. and {Burgess}, P. and {Busso}, G. and {Carry}, B. and {Cellino}, A. and {Clementini}, G. and {Clotet}, M. and {Creevey}, O. and {Davidson}, M. and {De Ridder}, J. and {Delchambre}, L. and {Dell'Oro}, A. and {Ducourant}, C. and {Fern{\'a}ndez-Hern{\'a}ndez}, J. and {Fouesneau}, M. and {Fr{\'e}mat}, Y. and {Galluccio}, L. and {Garc{\'\i}a-Torres}, M. and {Gonz{\'a}lez-N{\'u}{\~n}ez}, J. and {Gonz{\'a}lez-Vidal}, J.~J. and {Gosset}, E. and {Guy}, L.~P. and {Halbwachs}, J. -L. and {Hambly}, N.~C. and {Harrison}, D.~L. and {Hern{\'a}ndez}, J. and {Hestroffer}, D. and {Hodgkin}, S.~T. and {Hutton}, A. and {Jasniewicz}, G. and {Jean-Antoine-Piccolo}, A. and {Jordan}, S. and {Korn}, A.~J. and {Krone-Martins}, A. and {Lanzafame}, A.~C. and {Lebzelter}, T. and {L{\"o}ffler}, W. and {Manteiga}, M. and {Marrese}, P.~M. and {Mart{\'\i}n-Fleitas}, J.~M. and {Moitinho}, A. and {Mora}, A. and {Muinonen}, K. and {Osinde}, J. and {Pancino}, E. and {Pauwels}, T. and {Petit}, J. -M. and {Recio-Blanco}, A. and {Richards}, P.~J. and {Rimoldini}, L. and {Robin}, A.~C. and {Sarro}, L.~M. and {Siopis}, C. and {Smith}, M. and {Sozzetti}, A. and {S{\"u}veges}, M. and {Torra}, J. and {van Reeven}, W. and {Abbas}, U. and {Abreu Aramburu}, A. and {Accart}, S. and {Aerts}, C. and {Altavilla}, G. and {{\'A}lvarez}, M.~A. and {Alvarez}, R. and {Alves}, J. and {Anderson}, R.~I. and {Andrei}, A.~H. and {Anglada Varela}, E. and {Antiche}, E. and {Antoja}, T. and {Arcay}, B. and {Astraatmadja}, T.~L. and {Bach}, N. and {Baker}, S.~G. and {Balaguer-N{\'u}{\~n}ez}, L. and {Balm}, P. and {Barache}, C. and {Barata}, C. and {Barbato}, D. and {Barblan}, F. and {Barklem}, P.~S. and {Barrado}, D. and {Barros}, M. and {Barstow}, M.~A. and {Bartholom{\'e} Mu{\~n}oz}, S. and {Bassilana}, J. -L. and {Becciani}, U. and {Bellazzini}, M. and {Berihuete}, A. and {Bertone}, S. and {Bianchi}, L. and {Bienaym{\'e}}, O. and {Blanco-Cuaresma}, S. and {Boch}, T. and {Boeche}, C. and {Bombrun}, A. and {Borrachero}, R. and {Bossini}, D. and {Bouquillon}, S. and {Bourda}, G. and {Bragaglia}, A. and {Bramante}, L. and {Breddels}, M.~A. and {Bressan}, A. and {Brouillet}, N. and {Br{\"u}semeister}, T. and {Brugaletta}, E. and {Bucciarelli}, B. and {Burlacu}, A. and {Busonero}, D. and {Butkevich}, A.~G. and {Buzzi}, R. and {Caffau}, E. and {Cancelliere}, R. and {Cannizzaro}, G. and {Cantat-Gaudin}, T. and {Carballo}, R. and {Carlucci}, T. and {Carrasco}, J.~M. and {Casamiquela}, L. and {Castellani}, M. and {Castro-Ginard}, A. and {Charlot}, P. and {Chemin}, L. and {Chiavassa}, A. and {Cocozza}, G. and {Costigan}, G. and {Cowell}, S. and {Crifo}, F. and {Crosta}, M. and {Crowley}, C. and {Cuypers}, J. and {Dafonte}, C. and {Damerdji}, Y. and {Dapergolas}, A. and {David}, P. and {David}, M. and {de Laverny}, P. and {De Luise}, F. and {De March}, R. and {de Martino}, D. and {de Souza}, R. and {de Torres}, A. and {Debosscher}, J. and {del Pozo}, E. and {Delbo}, M. and {Delgado}, A. and {Delgado}, H.~E. and {Di Matteo}, P. and {Diakite}, S. and {Diener}, C. and {Distefano}, E. and {Dolding}, C. and {Drazinos}, P. and {Dur{\'a}n}, J. and {Edvardsson}, B. and {Enke}, H. and {Eriksson}, K. and {Esquej}, P. and {Eynard Bontemps}, G. and {Fabre}, C. and {Fabrizio}, M. and {Faigler}, S. and {Falc{\~a}o}, A.~J. and {Farr{\`a}s Casas}, M. and {Federici}, L. and {Fedorets}, G. and {Fernique}, P. and {Figueras}, F. and {Filippi}, F. and {Findeisen}, K. and {Fonti}, A. and {Fraile}, E. and {Fraser}, M. and {Fr{\'e}zouls}, B. and {Gai}, M. and {Galleti}, S. and {Garabato}, D. and {Garc{\'\i}a-Sedano}, F. and {Garofalo}, A. and {Garralda}, N. and {Gavel}, A. and {Gavras}, P. and {Gerssen}, J. and {Geyer}, R. and {Giacobbe}, P. and {Gilmore}, G. and {Girona}, S. and {Giuffrida}, G. and {Glass}, F. and {Gomes}, M. and {Granvik}, M. and {Gueguen}, A. and {Guerrier}, A. and {Guiraud}, J. and {Guti{\'e}rrez-S{\'a}nchez}, R. and {Haigron}, R. and {Hatzidimitriou}, D. and {Hauser}, M. and {Haywood}, M. and {Heiter}, U. and {Helmi}, A. and {Heu}, J. and {Hilger}, T. and {Hobbs}, D. and {Hofmann}, W. and {Holland}, G. and {Huckle}, H.~E. and {Hypki}, A. and {Icardi}, V. and {Jan{\ss}en}, K. and {Jevardat de Fombelle}, G. and {Jonker}, P.~G. and {Juh{\'a}sz}, {\'A}. L. and {Julbe}, F. and {Karampelas}, A. and {Kewley}, A. and {Klar}, J. and {Kochoska}, A. and {Kohley}, R. and {Kolenberg}, K. and {Kontizas}, M. and {Kontizas}, E. and {Koposov}, S.~E. and {Kordopatis}, G. and {Kostrzewa-Rutkowska}, Z. and {Koubsky}, P. and {Lambert}, S. and {Lanza}, A.~F. and {Lasne}, Y. and {Lavigne}, J. -B. and {Le Fustec}, Y. and {Le Poncin-Lafitte}, C. and {Lebreton}, Y. and {Leccia}, S. and {Leclerc}, N. and {Lecoeur-Taibi}, I. and {Lenhardt}, H. and {Leroux}, F. and {Liao}, S. and {Licata}, E. and {Lindstr{\o}m}, H.~E.~P. and {Lister}, T.~A. and {Livanou}, E. and {Lobel}, A. and {L{\'o}pez}, M. and {Managau}, S. and {Mann}, R.~G. and {Mantelet}, G. and {Marchal}, O. and {Marchant}, J.~M. and {Marconi}, M. and {Marinoni}, S. and {Marschalk{\'o}}, G. and {Marshall}, D.~J. and {Martino}, M. and {Marton}, G. and {Mary}, N. and {Massari}, D. and {Matijevi{\v{c}}}, G. and {Mazeh}, T. and {McMillan}, P.~J. and {Messina}, S. and {Michalik}, D. and {Millar}, N.~R. and {Molina}, D. and {Molinaro}, R. and {Moln{\'a}r}, L. and {Montegriffo}, P. and {Mor}, R. and {Morbidelli}, R. and {Morel}, T. and {Morris}, D. and {Mulone}, A.~F. and {Muraveva}, T. and {Musella}, I. and {Nelemans}, G. and {Nicastro}, L. and {Noval}, L. and {O'Mullane}, W. and {Ord{\'e}novic}, C. and {Ord{\'o}{\~n}ez-Blanco}, D. and {Osborne}, P. and {Pagani}, C. and {Pagano}, I. and {Pailler}, F. and {Palacin}, H. and {Palaversa}, L. and {Panahi}, A. and {Pawlak}, M. and {Piersimoni}, A.~M. and {Pineau}, F. -X. and {Plachy}, E. and {Plum}, G. and {Poggio}, E. and {Poujoulet}, E. and {Pr{\v{s}}a}, A. and {Pulone}, L. and {Racero}, E. and {Ragaini}, S. and {Rambaux}, N. and {Ramos-Lerate}, M. and {Regibo}, S. and {Reyl{\'e}}, C. and {Riclet}, F. and {Ripepi}, V. and {Riva}, A. and {Rivard}, A. and {Rixon}, G. and {Roegiers}, T. and {Roelens}, M. and {Romero-G{\'o}mez}, M. and {Rowell}, N. and {Royer}, F. and {Ruiz-Dern}, L. and {Sadowski}, G. and {Sagrist{\`a} Sell{\'e}s}, T. and {Sahlmann}, J. and {Salgado}, J. and {Salguero}, E. and {Sanna}, N. and {Santana-Ros}, T. and {Sarasso}, M. and {Savietto}, H. and {Schultheis}, M. and {Sciacca}, E. and {Segol}, M. and {Segovia}, J.~C. and {S{\'e}gransan}, D. and {Shih}, I. -C. and {Siltala}, L. and {Silva}, A.~F. and {Smart}, R.~L. and {Smith}, K.~W. and {Solano}, E. and {Solitro}, F. and {Sordo}, R. and {Soria Nieto}, S. and {Souchay}, J. and {Spagna}, A. and {Spoto}, F. and {Stampa}, U. and {Steele}, I.~A. and {Steidelm{\"u}ller}, H. and {Stephenson}, C.~A. and {Stoev}, H. and {Suess}, F.~F. and {Surdej}, J. and {Szabados}, L. and {Szegedi-Elek}, E. and {Tapiador}, D. and {Taris}, F. and {Tauran}, G. and {Taylor}, M.~B. and {Teixeira}, R. and {Terrett}, D. and {Teyssandier}, P. and {Thuillot}, W. and {Titarenko}, A. and {Torra Clotet}, F. and {Turon}, C. and {Ulla}, A. and {Utrilla}, E. and {Uzzi}, S. and {Vaillant}, M. and {Valentini}, G. and {Valette}, V. and {van Elteren}, A. and {Van Hemelryck}, E. and {van Leeuwen}, M. and {Vaschetto}, M. and {Vecchiato}, A. and {Veljanoski}, J. and {Viala}, Y. and {Vicente}, D. and {Vogt}, S. and {von Essen}, C. and {Voss}, H. and {Votruba}, V. and {Voutsinas}, S. and {Walmsley}, G. and {Weiler}, M. and {Wertz}, O. and {Wevers}, T. and {Wyrzykowski}, {\L}. and {Yoldas}, A. and {{\v{Z}}erjal}, M. and {Ziaeepour}, H. and {Zorec}, J. and {Zschocke}, S. and {Zucker}, S. and {Zurbach}, C. and {Zwitter}, T.},
        title = "{Gaia Data Release 2. Summary of the contents and survey properties}",
      journal = {\aap},
     keywords = {catalogs, astrometry, techniques: radial velocities, stars: fundamental parameters, stars: variables: general, minor planets, asteroids: general, Astrophysics - Astrophysics of Galaxies, Astrophysics - Instrumentation and Methods for Astrophysics},
         year = 2018,
        month = aug,
       volume = {616},
          eid = {A1},
        pages = {A1},
          doi = {10.1051/0004-6361/201833051},
archivePrefix = {arXiv},
       eprint = {1804.09365},
 primaryClass = {astro-ph.GA},
       adsurl = {https://ui.adsabs.harvard.edu/abs/2018A&A...616A...1G},
      adsnote = {Provided by the SAO/NASA Astrophysics Data System}
}

@ARTICLE{Reach2005,
       author = {{Reach}, William T. and {Megeath}, S.~T. and {Cohen}, Martin and {Hora}, J. and {Carey}, Sean and {Surace}, Jason and {Willner}, S.~P. and {Barmby}, P. and {Wilson}, Gillian and {Glaccum}, William and {Lowrance}, Patrick and {Marengo}, Massimo and {Fazio}, Giovanni G.},
        title = "{Absolute Calibration of the Infrared Array Camera on the Spitzer Space Telescope}",
      journal = {\pasp},
     keywords = {Techniques: Photometric, Infrared: Stars, Astrophysics},
         year = 2005,
        month = sep,
       volume = {117},
       number = {835},
        pages = {978-990},
          doi = {10.1086/432670},
archivePrefix = {arXiv},
       eprint = {astro-ph/0507139},
 primaryClass = {astro-ph},
       adsurl = {https://ui.adsabs.harvard.edu/abs/2005PASP..117..978R},
      adsnote = {Provided by the SAO/NASA Astrophysics Data System}
}

@ARTICLE{Rieke2004,
       author = {{Rieke}, G.~H. and {Young}, E.~T. and {Engelbracht}, C.~W. and {Kelly}, D.~M. and {Low}, F.~J. and {Haller}, E.~E. and {Beeman}, J.~W. and {Gordon}, K.~D. and {Stansberry}, J.~A. and {Misselt}, K.~A. and {Cadien}, J. and {Morrison}, J.~E. and {Rivlis}, G. and {Latter}, W.~B. and {Noriega-Crespo}, A. and {Padgett}, D.~L. and {Stapelfeldt}, K.~R. and {Hines}, D.~C. and {Egami}, E. and {Muzerolle}, J. and {Alonso-Herrero}, A. and {Blaylock}, M. and {Dole}, H. and {Hinz}, J.~L. and {Le Floc'h}, E. and {Papovich}, C. and {P{\'e}rez-Gonz{\'a}lez}, P.~G. and {Smith}, P.~S. and {Su}, K.~Y.~L. and {Bennett}, L. and {Frayer}, D.~T. and {Henderson}, D. and {Lu}, N. and {Masci}, F. and {Pesenson}, M. and {Rebull}, L. and {Rho}, J. and {Keene}, J. and {Stolovy}, S. and {Wachter}, S. and {Wheaton}, W. and {Werner}, M.~W. and {Richards}, P.~L.},
        title = "{The Multiband Imaging Photometer for Spitzer (MIPS)}",
      journal = {\apjs},
     keywords = {Infrared: General, Space Vehicles: Instruments},
         year = 2004,
        month = sep,
       volume = {154},
       number = {1},
        pages = {25-29},
          doi = {10.1086/422717},
       adsurl = {https://ui.adsabs.harvard.edu/abs/2004ApJS..154...25R},
      adsnote = {Provided by the SAO/NASA Astrophysics Data System}
}

@ARTICLE{Rieke2008,
       author = {{Rieke}, G.~H. and {Blaylock}, M. and {Decin}, L. and {Engelbracht}, C. and {Ogle}, P. and {Avrett}, E. and {Carpenter}, J. and {Cutri}, R.~M. and {Armus}, L. and {Gordon}, K. and {Gray}, R.~O. and {Hinz}, J. and {Su}, K. and {Willmer}, Christopher N.~A.},
        title = "{Absolute Physical Calibration in the Infrared}",
      journal = {\aj},
     keywords = {stars: fundamental parameters, Sun: infrared, techniques: photometric, Astrophysics},
         year = 2008,
        month = jun,
       volume = {135},
       number = {6},
        pages = {2245-2263},
          doi = {10.1088/0004-6256/135/6/2245},
archivePrefix = {arXiv},
       eprint = {0806.1910},
 primaryClass = {astro-ph},
       adsurl = {https://ui.adsabs.harvard.edu/abs/2008AJ....135.2245R},
      adsnote = {Provided by the SAO/NASA Astrophysics Data System}
}

@ARTICLE{Caldwell2020spoc,
       author = {{Caldwell}, Douglas A. and {Tenenbaum}, Peter and {Twicken}, Joseph D. and {Jenkins}, Jon M. and {Ting}, Eric and {Smith}, Jeffrey C. and {Hedges}, Christina and {Fausnaugh}, Michael M. and {Rose}, Mark and {Burke}, Christopher},
        title = "{TESS Science Processing Operations Center FFI Target List Products}",
      journal = {Research Notes of the American Astronomical Society},
     keywords = {Catalogs, CCD photometry, Stellar photometry, 205, 208, 1620, Astrophysics - Earth and Planetary Astrophysics, Astrophysics - Instrumentation and Methods for Astrophysics, Astrophysics - Solar and Stellar Astrophysics},
         year = 2020,
        month = nov,
       volume = {4},
       number = {11},
          eid = {201},
        pages = {201},
          doi = {10.3847/2515-5172/abc9b3},
archivePrefix = {arXiv},
       eprint = {2011.05495},
 primaryClass = {astro-ph.EP},
       adsurl = {https://ui.adsabs.harvard.edu/abs/2020RNAAS...4..201C},
      adsnote = {Provided by the SAO/NASA Astrophysics Data System}
}

@ARTICLE{FausnaughDRN,
    author = {{Fausnaugh}, M. M. and {Caldwell}, D. A. and {Jenkins}, J. A. and
    {Smith}, J. C. and {Vanderspek}, R.},
    year = 2018,
    month = dec,
    journal = {TESS Data Release Notes}
}

@ARTICLE{Smith2012,
       author = {{Smith}, Jeffrey C. and {Stumpe}, Martin C. and {Van Cleve}, Jeffrey E. and {Jenkins}, Jon M. and {Barclay}, Thomas S. and {Fanelli}, Michael N. and {Girouard}, Forrest R. and {Kolodziejczak}, Jeffery J. and {McCauliff}, Sean D. and {Morris}, Robert L. and {Twicken}, Joseph D.},
        title = "{Kepler Presearch Data Conditioning II - A Bayesian Approach to Systematic Error Correction}",
      journal = {\pasp},
     keywords = {Astrophysics - Instrumentation and Methods for Astrophysics, Statistics - Applications},
         year = 2012,
        month = sep,
       volume = {124},
       number = {919},
        pages = {1000},
          doi = {10.1086/667697},
archivePrefix = {arXiv},
       eprint = {1203.1383},
 primaryClass = {astro-ph.IM},
       adsurl = {https://ui.adsabs.harvard.edu/abs/2012PASP..124.1000S},
      adsnote = {Provided by the SAO/NASA Astrophysics Data System}
}

@ARTICLE{Stassun2019AJTIC,
       author = {{Stassun}, Keivan G. and {Oelkers}, Ryan J. and {Paegert}, Martin and {Torres}, Guillermo and {Pepper}, Joshua and {De Lee}, Nathan and {Collins}, Kevin and {Latham}, David W. and {Muirhead}, Philip S. and {Chittidi}, Jay and {Rojas-Ayala}, B{\'a}rbara and {Fleming}, Scott W. and {Rose}, Mark E. and {Tenenbaum}, Peter and {Ting}, Eric B. and {Kane}, Stephen R. and {Barclay}, Thomas and {Bean}, Jacob L. and {Brassuer}, C.~E. and {Charbonneau}, David and {Ge}, Jian and {Lissauer}, Jack J. and {Mann}, Andrew W. and {McLean}, Brian and {Mullally}, Susan and {Narita}, Norio and {Plavchan}, Peter and {Ricker}, George R. and {Sasselov}, Dimitar and {Seager}, S. and {Sharma}, Sanjib and {Shiao}, Bernie and {Sozzetti}, Alessandro and {Stello}, Dennis and {Vanderspek}, Roland and {Wallace}, Geoff and {Winn}, Joshua N.},
        title = "{The Revised TESS Input Catalog and Candidate Target List}",
      journal = {\aj},
     keywords = {stars: fundamental parameters, Astrophysics - Solar and Stellar Astrophysics, Astrophysics - Earth and Planetary Astrophysics},
         year = 2019,
        month = oct,
       volume = {158},
       number = {4},
          eid = {138},
        pages = {138},
          doi = {10.3847/1538-3881/ab3467},
archivePrefix = {arXiv},
       eprint = {1905.10694},
 primaryClass = {astro-ph.SR},
       adsurl = {https://ui.adsabs.harvard.edu/abs/2019AJ....158..138S},
      adsnote = {Provided by the SAO/NASA Astrophysics Data System}
}

@ARTICLE{Stumpe2014,
       author = {{Stumpe}, Martin C. and {Smith}, Jeffrey C. and {Catanzarite}, Joseph H. and {Van Cleve}, Jeffrey E. and {Jenkins}, Jon M. and {Twicken}, Joseph D. and {Girouard}, Forrest R.},
        title = "{Multiscale Systematic Error Correction via Wavelet-Based Bandsplitting in Kepler Data}",
      journal = {\pasp},
         year = 2014,
        month = jan,
       volume = {126},
       number = {935},
        pages = {100},
          doi = {10.1086/674989},
       adsurl = {https://ui.adsabs.harvard.edu/abs/2014PASP..126..100S},
      adsnote = {Provided by the SAO/NASA Astrophysics Data System}
}

@ARTICLE{savgol1964AnaCh..36.1627S,
       author = {{Savitzky}, A. and {Golay}, M.~J.~E.},
        title = "{Smoothing and differentiation of data by simplified least squares procedures}",
      journal = {Analytical Chemistry},
         year = 1964,
        month = jan,
       volume = {36},
        pages = {1627-1639},
       adsurl = {https://ui.adsabs.harvard.edu/abs/1964AnaCh..36.1627S},
      adsnote = {Provided by the SAO/NASA Astrophysics Data System}
}

@MISC{lightkurve,
   author = {{Lightkurve Collaboration} and {Cardoso}, J.~V.~d.~M. and
             {Hedges}, C. and {Gully-Santiago}, M. and {Saunders}, N. and
             {Cody}, A.~M. and {Barclay}, T. and {Hall}, O. and
             {Sagear}, S. and {Turtelboom}, E. and {Zhang}, J. and
             {Tzanidakis}, A. and {Mighell}, K. and {Coughlin}, J. and
             {Bell}, K. and {Berta-Thompson}, Z. and {Williams}, P. and
             {Dotson}, J. and {Barentsen}, G.},
    title = "{Lightkurve: Kepler and TESS time series analysis in Python}",
 keywords = {Software, NASA},
howpublished = {Astrophysics Source Code Library},
     year = 2018,
    month = dec,
archivePrefix = "ascl",
   eprint = {1812.013},
   adsurl = {http://adsabs.harvard.edu/abs/2018ascl.soft12013L},
}

@ARTICLE{jdox,
author = {{JWST~User~Documentation}},
year = 2016,
journal = {https://jwst-docs.stsci.edu/}
}

@ARTICLE{Koch2010,
       author = {{Koch}, David G. and {Borucki}, William J. and {Basri}, Gibor and {Batalha}, Natalie M. and {Brown}, Timothy M. and {Caldwell}, Douglas and {Christensen-Dalsgaard}, J{\o}rgen and {Cochran}, William D. and {DeVore}, Edna and {Dunham}, Edward W. and {Gautier}, Thomas N., III and {Geary}, John C. and {Gilliland}, Ronald L. and {Gould}, Alan and {Jenkins}, Jon and {Kondo}, Yoji and {Latham}, David W. and {Lissauer}, Jack J. and {Marcy}, Geoffrey and {Monet}, David and {Sasselov}, Dimitar and {Boss}, Alan and {Brownlee}, Donald and {Caldwell}, John and {Dupree}, Andrea K. and {Howell}, Steve B. and {Kjeldsen}, Hans and {Meibom}, S{\o}ren and {Morrison}, David and {Owen}, Tobias and {Reitsema}, Harold and {Tarter}, Jill and {Bryson}, Stephen T. and {Dotson}, Jessie L. and {Gazis}, Paul and {Haas}, Michael R. and {Kolodziejczak}, Jeffrey and {Rowe}, Jason F. and {Van Cleve}, Jeffrey E. and {Allen}, Christopher and {Chandrasekaran}, Hema and {Clarke}, Bruce D. and {Li}, Jie and {Quintana}, Elisa V. and {Tenenbaum}, Peter and {Twicken}, Joseph D. and {Wu}, Hayley},
        title = "{Kepler Mission Design, Realized Photometric Performance, and Early Science}",
      journal = {\apjl},
     keywords = {instrumentation: photometers, planetary systems, space vehicles: instruments, stars: statistics, stars: variables: general, techniques: photometric, Astrophysics - Earth and Planetary Astrophysics, Astrophysics - Instrumentation and Methods for Astrophysics},
         year = 2010,
        month = apr,
       volume = {713},
       number = {2},
        pages = {L79-L86},
          doi = {10.1088/2041-8205/713/2/L79},
archivePrefix = {arXiv},
       eprint = {1001.0268},
 primaryClass = {astro-ph.EP},
       adsurl = {https://ui.adsabs.harvard.edu/abs/2010ApJ...713L..79K},
      adsnote = {Provided by the SAO/NASA Astrophysics Data System}
}

@ARTICLE{Ricker2015JATIS,
       author = {{Ricker}, George R. and {Winn}, Joshua N. and {Vanderspek}, Roland and {Latham}, David W. and {Bakos}, G{\'a}sp{\'a}r {\'A}. and {Bean}, Jacob L. and {Berta-Thompson}, Zachory K. and {Brown}, Timothy M. and {Buchhave}, Lars and {Butler}, Nathaniel R. and {Butler}, R. Paul and {Chaplin}, William J. and {Charbonneau}, David and {Christensen-Dalsgaard}, J{\o}rgen and {Clampin}, Mark and {Deming}, Drake and {Doty}, John and {De Lee}, Nathan and {Dressing}, Courtney and {Dunham}, Edward W. and {Endl}, Michael and {Fressin}, Francois and {Ge}, Jian and {Henning}, Thomas and {Holman}, Matthew J. and {Howard}, Andrew W. and {Ida}, Shigeru and {Jenkins}, Jon M. and {Jernigan}, Garrett and {Johnson}, John Asher and {Kaltenegger}, Lisa and {Kawai}, Nobuyuki and {Kjeldsen}, Hans and {Laughlin}, Gregory and {Levine}, Alan M. and {Lin}, Douglas and {Lissauer}, Jack J. and {MacQueen}, Phillip and {Marcy}, Geoffrey and {McCullough}, Peter R. and {Morton}, Timothy D. and {Narita}, Norio and {Paegert}, Martin and {Palle}, Enric and {Pepe}, Francesco and {Pepper}, Joshua and {Quirrenbach}, Andreas and {Rinehart}, Stephen A. and {Sasselov}, Dimitar and {Sato}, Bun'ei and {Seager}, Sara and {Sozzetti}, Alessandro and {Stassun}, Keivan G. and {Sullivan}, Peter and {Szentgyorgyi}, Andrew and {Torres}, Guillermo and {Udry}, Stephane and {Villasenor}, Joel},
        title = "{Transiting Exoplanet Survey Satellite (TESS)}",
      journal = {Journal of Astronomical Telescopes, Instruments, and Systems},
         year = 2015,
        month = jan,
       volume = {1},
          eid = {014003},
        pages = {014003},
          doi = {10.1117/1.JATIS.1.1.014003},
       adsurl = {https://ui.adsabs.harvard.edu/abs/2015JATIS...1a4003R},
      adsnote = {Provided by the SAO/NASA Astrophysics Data System}
}

@INPROCEEDINGS{ZTF2016AAS,
       author = {{Kulkarni}, Shrinivas R.},
        title = "{The Zwicky Transient Facility}",
    booktitle = {American Astronomical Society Meeting Abstracts \#227},
         year = 2016,
       series = {American Astronomical Society Meeting Abstracts},
       volume = {227},
        month = jan,
          eid = {314.01},
        pages = {314.01},
       adsurl = {https://ui.adsabs.harvard.edu/abs/2016AAS...22731401K},
      adsnote = {Provided by the SAO/NASA Astrophysics Data System}
}

@ARTICLE{Winget1994ApJ,
       author = {{Winget}, D.~E. and {Nather}, R.~E. and {Clemens}, J.~C. and {Provencal}, J.~L. and {Kleinman}, S.~J. and {Bradley}, P.~A. and {Claver}, C.~F. and {Dixson}, J.~S. and {Montgomery}, M.~H. and {Hansen}, C.~J. and {Hine}, B.~P. and {Birch}, P. and {Candy}, M. and {Marar}, T.~M.~K. and {Seetha}, S. and {Ashoka}, B.~N. and {Leibowitz}, E.~M. and {O'Donoghue}, D. and {Warner}, B. and {Buckley}, D.~A.~H. and {Tripe}, P. and {Vauclair}, G. and {Dolez}, N. and {Chevreton}, M. and {Serre}, T. and {Garrido}, R. and {Kepler}, S.~O. and {Kanaan}, A. and {Augusteijn}, T. and {Wood}, M.~A. and {Bergeron}, P. and {Grauer}, A.~D.},
        title = "{Whole Earth Telescope Observations of the DBV White Dwarf GD 358}",
      journal = {\apj},
     keywords = {Light Curve, Stellar Luminosity, Stellar Magnetic Fields, Stellar Mass, Stellar Rotation, Stellar Spectra, White Dwarf Stars, Astrophysics, Magnetic Flux, Seismology, Spectrum Analysis, Stellar Atmospheres, Stellar Evolution, Astrophysics, STARS: INDIVIDUAL ALPHANUMERIC: GD 358, STARS: OSCILLATIONS, STARS: WHITE DWARFS},
         year = 1994,
        month = aug,
       volume = {430},
        pages = {839},
          doi = {10.1086/174455},
       adsurl = {https://ui.adsabs.harvard.edu/abs/1994ApJ...430..839W},
      adsnote = {Provided by the SAO/NASA Astrophysics Data System}
}

@ARTICLE{Gordon2022inprep,
author = {{Gordon}, K. and {Bohlin}, R. and {Boyer}, M. and {Muzerolle}, J. and
{Rieke}, G. and Schlawin, E.},
year = 2022,
journal = {in prep}
}

@ARTICLE{HiggensBell,
author = {{Higgens}, M. and {Bell}, K.},
year = 2022,
journal = {in prep},
url = {github.com/Higgins00/TESS-Localize}
}


@ARTICLE{Stumpe2012PASP,
       author = {{Stumpe}, Martin C. and {Smith}, Jeffrey C. and {Van Cleve}, Jeffrey E. and {Twicken}, Joseph D. and {Barclay}, Thomas S. and {Fanelli}, Michael N. and {Girouard}, Forrest R. and {Jenkins}, Jon M. and {Kolodziejczak}, Jeffery J. and {McCauliff}, Sean D. and {Morris}, Robert L.},
        title = "{Kepler Presearch Data Conditioning I{\textemdash}Architecture and Algorithms for Error Correction in Kepler Light Curves}",
      journal = {\pasp},
     keywords = {Astrophysics - Instrumentation and Methods for Astrophysics, Statistics - Applications},
         year = 2012,
        month = sep,
       volume = {124},
       number = {919},
        pages = {985},
          doi = {10.1086/667698},
archivePrefix = {arXiv},
       eprint = {1203.1382},
 primaryClass = {astro-ph.IM},
       adsurl = {https://ui.adsabs.harvard.edu/abs/2012PASP..124..985S},
      adsnote = {Provided by the SAO/NASA Astrophysics Data System}
}

@ARTICLE{gardner2006jwst,
       author = {{Gardner}, Jonathan P. and {Mather}, John C. and {Clampin}, Mark and {Doyon}, Rene and {Greenhouse}, Matthew A. and {Hammel}, Heidi B. and {Hutchings}, John B. and {Jakobsen}, Peter and {Lilly}, Simon J. and {Long}, Knox S. and {Lunine}, Jonathan I. and {McCaughrean}, Mark J. and {Mountain}, Matt and {Nella}, John and {Rieke}, George H. and {Rieke}, Marcia J. and {Rix}, Hans-Walter and {Smith}, Eric P. and {Sonneborn}, George and {Stiavelli}, Massimo and {Stockman}, H.~S. and {Windhorst}, Rogier A. and {Wright}, Gillian S.},
        title = "{The James Webb Space Telescope}",
      journal = {\ssr},
     keywords = {galaxies: formation, infrared: general, planetary systems, space vehicles: instruments, stars: formation, Astrophysics},
         year = 2006,
        month = apr,
       volume = {123},
       number = {4},
        pages = {485-606},
          doi = {10.1007/s11214-006-8315-7},
archivePrefix = {arXiv},
       eprint = {astro-ph/0606175},
 primaryClass = {astro-ph},
       adsurl = {https://ui.adsabs.harvard.edu/abs/2006SSRv..123..485G},
      adsnote = {Provided by the SAO/NASA Astrophysics Data System}
}

@ARTICLE{Kalirai2018,
       author = {{Kalirai}, Jason},
        title = "{Scientific discovery with the James Webb Space Telescope}",
      journal = {Contemporary Physics},
     keywords = {JWST, James Webb Space Telescope, astronomy, exoplanets, stars, galaxies, Astrophysics - Instrumentation and Methods for Astrophysics, Astrophysics - Cosmology and Nongalactic Astrophysics, Astrophysics - Earth and Planetary Astrophysics, Astrophysics - Astrophysics of Galaxies, Astrophysics - Solar and Stellar Astrophysics},
         year = 2018,
        month = jul,
       volume = {59},
       number = {3},
        pages = {251-290},
          doi = {10.1080/00107514.2018.1467648},
archivePrefix = {arXiv},
       eprint = {1805.06941},
 primaryClass = {astro-ph.IM},
       adsurl = {https://ui.adsabs.harvard.edu/abs/2018ConPh..59..251K},
      adsnote = {Provided by the SAO/NASA Astrophysics Data System}
}

@ARTICLE{Reach2005g29-38,
       author = {{Reach}, William T. and {Kuchner}, Marc J. and {von Hippel}, Ted and {Burrows}, Adam and {Mullally}, Fergal and {Kilic}, Mukremin and {Winget}, D.~E.},
        title = "{The Dust Cloud around the White Dwarf G29-38}",
      journal = {\apjl},
     keywords = {Infrared: Stars, Stars: Individual: Alphanumeric: G29-38, stars: individual (WD 2326+049), Stars: White Dwarfs, Astrophysics},
         year = 2005,
        month = dec,
       volume = {635},
       number = {2},
        pages = {L161-L164},
          doi = {10.1086/499561},
archivePrefix = {arXiv},
       eprint = {astro-ph/0511358},
 primaryClass = {astro-ph},
       adsurl = {https://ui.adsabs.harvard.edu/abs/2005ApJ...635L.161R},
      adsnote = {Provided by the SAO/NASA Astrophysics Data System}
}
@ARTICLE{prsa2011,
       author = {{Pr{\v{s}}a}, Andrej and {Batalha}, Natalie and {Slawson}, Robert W. and {Doyle}, Laurance R. and {Welsh}, William F. and {Orosz}, Jerome A. and {Seager}, Sara and {Rucker}, Michael and {Mjaseth}, Kimberly and {Engle}, Scott G. and {Conroy}, Kyle and {Jenkins}, Jon and {Caldwell}, Douglas and {Koch}, David and {Borucki}, William},
        title = "{Kepler Eclipsing Binary Stars. I. Catalog and Principal Characterization of 1879 Eclipsing Binaries in the First Data Release}",
      journal = {\aj},
     keywords = {binaries: eclipsing, catalogs, methods: data analysis, methods: numerical, methods: statistical, stars: fundamental parameters, Astrophysics - Solar and Stellar Astrophysics, Astrophysics - Instrumentation and Methods for Astrophysics},
         year = 2011,
        month = mar,
       volume = {141},
       number = {3},
          eid = {83},
        pages = {83},
          doi = {10.1088/0004-6256/141/3/83},
archivePrefix = {arXiv},
       eprint = {1006.2815},
 primaryClass = {astro-ph.SR},
       adsurl = {https://ui.adsabs.harvard.edu/abs/2011AJ....141...83P},
      adsnote = {Provided by the SAO/NASA Astrophysics Data System}
}

@ARTICLE{corot,
       author = {{Auvergne}, M. and {Bodin}, P. and {Boisnard}, L. and {Buey}, J. -T. and {Chaintreuil}, S. and {Epstein}, G. and {Jouret}, M. and {Lam-Trong}, T. and {Levacher}, P. and {Magnan}, A. and {Perez}, R. and {Plasson}, P. and {Plesseria}, J. and {Peter}, G. and {Steller}, M. and {Tiph{\`e}ne}, D. and {Baglin}, A. and {Agogu{\'e}}, P. and {Appourchaux}, T. and {Barbet}, D. and {Beaufort}, T. and {Bellenger}, R. and {Berlin}, R. and {Bernardi}, P. and {Blouin}, D. and {Boumier}, P. and {Bonneau}, F. and {Briet}, R. and {Butler}, B. and {Cautain}, R. and {Chiavassa}, F. and {Costes}, V. and {Cuvilho}, J. and {Cunha-Parro}, V. and {de Oliveira Fialho}, F. and {Decaudin}, M. and {Defise}, J. -M. and {Djalal}, S. and {Docclo}, A. and {Drummond}, R. and {Dupuis}, O. and {Exil}, G. and {Faur{\'e}}, C. and {Gaboriaud}, A. and {Gamet}, P. and {Gavalda}, P. and {Grolleau}, E. and {Gueguen}, L. and {Guivarc'h}, V. and {Guterman}, P. and {Hasiba}, J. and {Huntzinger}, G. and {Hustaix}, H. and {Imbert}, C. and {Jeanville}, G. and {Johlander}, B. and {Jorda}, L. and {Journoud}, P. and {Karioty}, F. and {Kerjean}, L. and {Lafond}, L. and {Lapeyrere}, V. and {Landiech}, P. and {Larqu{\'e}}, T. and {Laudet}, P. and {Le Merrer}, J. and {Leporati}, L. and {Leruyet}, B. and {Levieuge}, B. and {Llebaria}, A. and {Martin}, L. and {Mazy}, E. and {Mesnager}, J. -M. and {Michel}, J. -P. and {Moalic}, J. -P. and {Monjoin}, W. and {Naudet}, D. and {Neukirchner}, S. and {Nguyen-Kim}, K. and {Ollivier}, M. and {Orcesi}, J. -L. and {Ottacher}, H. and {Oulali}, A. and {Parisot}, J. and {Perruchot}, S. and {Piacentino}, A. and {Pinheiro da Silva}, L. and {Platzer}, J. and {Pontet}, B. and {Pradines}, A. and {Quentin}, C. and {Rohbeck}, U. and {Rolland}, G. and {Rollenhagen}, F. and {Romagnan}, R. and {Russ}, N. and {Samadi}, R. and {Schmidt}, R. and {Schwartz}, N. and {Sebbag}, I. and {Smit}, H. and {Sunter}, W. and {Tello}, M. and {Toulouse}, P. and {Ulmer}, B. and {Vandermarcq}, O. and {Vergnault}, E. and {Wallner}, R. and {Waultier}, G. and {Zanatta}, P.},
        title = "{The CoRoT satellite in flight: description and performance}",
      journal = {\aap},
     keywords = {instrumentation: photometers, stars: planetary systems, stars: oscillations, Astrophysics - Solar and Stellar Astrophysics},
         year = 2009,
        month = oct,
       volume = {506},
       number = {1},
        pages = {411-424},
          doi = {10.1051/0004-6361/200810860},
archivePrefix = {arXiv},
       eprint = {0901.2206},
 primaryClass = {astro-ph.SR},
       adsurl = {https://ui.adsabs.harvard.edu/abs/2009A&A...506..411A},
      adsnote = {Provided by the SAO/NASA Astrophysics Data System}
}

@ARTICLE{Mcquillan2014,
       author = {{McQuillan}, A. and {Mazeh}, T. and {Aigrain}, S.},
        title = "{Rotation Periods of 34,030 Kepler Main-sequence Stars: The Full Autocorrelation Sample}",
      journal = {\apjs},
     keywords = {catalogs, methods: data analysis, methods: observational, stars: activity, stars: low-mass, stars: rotation, techniques: photometric, Astrophysics - Solar and Stellar Astrophysics},
         year = 2014,
        month = apr,
       volume = {211},
       number = {2},
          eid = {24},
        pages = {24},
          doi = {10.1088/0067-0049/211/2/24},
archivePrefix = {arXiv},
       eprint = {1402.5694},
 primaryClass = {astro-ph.SR},
       adsurl = {https://ui.adsabs.harvard.edu/abs/2014ApJS..211...24M},
      adsnote = {Provided by the SAO/NASA Astrophysics Data System}
}

@ARTICLE{Berger1979deltaScuti,
       author = {{Breger}, M.},
        title = "{Delta Scuti and related stars.}",
      journal = {\pasp},
     keywords = {A Stars, Cepheid Variables, Dwarf Stars, Hertzsprung-Russell Diagram, Light Curve, Magnetic Stars, Periodic Variations, Pulsed Radiation, Stellar Spectra, Tables (Data), Astronomy, Ap Stars:Pulsations, Delta Scuti Stars:Light Curves, Delta Scuti Stars:Periods, Delta Scuti Stars:Rotation, Dwarf Cepheids:Pulsations},
         year = 1979,
        month = feb,
       volume = {91},
        pages = {5-26},
          doi = {10.1086/130433},
       adsurl = {https://ui.adsabs.harvard.edu/abs/1979PASP...91....5B},
      adsnote = {Provided by the SAO/NASA Astrophysics Data System}
}
@ARTICLE{Thompson2018,
       author = {{Thompson}, Susan E. and {Coughlin}, Jeffrey L. and {Hoffman}, Kelsey and {Mullally}, Fergal and {Christiansen}, Jessie L. and {Burke}, Christopher J. and {Bryson}, Steve and {Batalha}, Natalie and {Haas}, Michael R. and {Catanzarite}, Joseph and {Rowe}, Jason F. and {Barentsen}, Geert and {Caldwell}, Douglas A. and {Clarke}, Bruce D. and {Jenkins}, Jon M. and {Li}, Jie and {Latham}, David W. and {Lissauer}, Jack J. and {Mathur}, Savita and {Morris}, Robert L. and {Seader}, Shawn E. and {Smith}, Jeffrey C. and {Klaus}, Todd C. and {Twicken}, Joseph D. and {Van Cleve}, Jeffrey E. and {Wohler}, Bill and {Akeson}, Rachel and {Ciardi}, David R. and {Cochran}, William D. and {Henze}, Christopher E. and {Howell}, Steve B. and {Huber}, Daniel and {Pr{\v{s}}a}, Andrej and {Ram{\'\i}rez}, Solange V. and {Morton}, Timothy D. and {Barclay}, Thomas and {Campbell}, Jennifer R. and {Chaplin}, William J. and {Charbonneau}, David and {Christensen-Dalsgaard}, J{\o}rgen and {Dotson}, Jessie L. and {Doyle}, Laurance and {Dunham}, Edward W. and {Dupree}, Andrea K. and {Ford}, Eric B. and {Geary}, John C. and {Girouard}, Forrest R. and {Isaacson}, Howard and {Kjeldsen}, Hans and {Quintana}, Elisa V. and {Ragozzine}, Darin and {Shabram}, Megan and {Shporer}, Avi and {Silva Aguirre}, Victor and {Steffen}, Jason H. and {Still}, Martin and {Tenenbaum}, Peter and {Welsh}, William F. and {Wolfgang}, Angie and {Zamudio}, Khadeejah A. and {Koch}, David G. and {Borucki}, William J.},
        title = "{Planetary Candidates Observed by Kepler. VIII. A Fully Automated Catalog with Measured Completeness and Reliability Based on Data Release 25}",
      journal = {\apjs},
     keywords = {catalogs, planetary systems, stars: general, surveys, Astrophysics - Earth and Planetary Astrophysics},
         year = 2018,
        month = apr,
       volume = {235},
       number = {2},
          eid = {38},
        pages = {38},
          doi = {10.3847/1538-4365/aab4f9},
archivePrefix = {arXiv},
       eprint = {1710.06758},
 primaryClass = {astro-ph.EP},
       adsurl = {https://ui.adsabs.harvard.edu/abs/2018ApJS..235...38T},
      adsnote = {Provided by the SAO/NASA Astrophysics Data System}
}


@MISC{kdph2020ksciPA,
       author = {{Morris}, Robert L. and {Twicken}, Joseph D. and {Smith}, Jeffrey C. and {Clarke}, Bruce D. and {Jenkins}, Jon M. and {Bryson}, Stephen T. and {Girouard}, Forrest and {Klaus}, Todd C.},
        title = "{Kepler Data Processing Handbook: Photometric Analysis}",
     keywords = {Kepler},
 howpublished = {Kepler Science Document KSCI-19081-003},
         year = 2020,
        month = mar,
          eid = {6},
        pages = {6},
       adsurl = {https://ui.adsabs.harvard.edu/abs/2020ksci.rept....6M},
      adsnote = {Provided by the SAO/NASA Astrophysics Data System}
}
@MISC{kdph2020ksciApertures,
       author = {{Smith}, Jeffrey C. and {Morris}, Robert L. and {Jenkins}, Jon M. and {Bryson}, Stephen T. and {Caldwell}, Douglas A. and {Girouard}, Forrest R.},
        title = "{Kepler Data Processing Handbook: Finding Optimal Apertures in Kepler Data}",
     keywords = {Kepler},
 howpublished = {Kepler Science Document KSCI-19081-003},
         year = 2020,
        month = mar,
          eid = {7},
        pages = {7},
       adsurl = {https://ui.adsabs.harvard.edu/abs/2020ksci.rept....7S},
      adsnote = {Provided by the SAO/NASA Astrophysics Data System}
}
@MISC{kdph2020ksciCal,
       author = {{Clarke}, Bruce D. and {Caldwell}, Douglas A. and {Quintana}, Elisa V. and {Chandrasekaran}, Hema and {Twicken}, Joseph D. and {Jenkins}, Jon M. and {Cote}, Miles T. and {McCauliff}, Sean D. and {Klaus}, Todd C. and {Allen}, Christopher and {Bryson}, Stephen T.},
        title = "{Kepler Data Processing Handbook: Pixel Level Calibrations}",
     keywords = {Kepler},
 howpublished = {Kepler Science Document KSCI-19081-003},
         year = 2020,
        month = mar,
          eid = {5},
        pages = {5},
       adsurl = {https://ui.adsabs.harvard.edu/abs/2020ksci.rept....5C},
      adsnote = {Provided by the SAO/NASA Astrophysics Data System}
}
@MISC{kdph2020PDC,
       author = {{Smith}, Jeffrey C. and {Stumpe}, Martin C. and {Jenkins}, Jon M. and {Van Cleve}, Jeffrey E. and {Girouard}, Forrest R. and {Kolodziejczak}, Jeffery J. and {McCauliff}, Sean D. and {Morris}, Robert L. and {Twicken}, Joseph D.},
        title = "{Kepler Data Processing Handbook: Presearch Data Conditioning}",
     keywords = {Kepler},
 howpublished = {Kepler Science Document KSCI-19081-003},
         year = 2020,
        month = mar,
          eid = {8},
        pages = {8},
       adsurl = {https://ui.adsabs.harvard.edu/abs/2020ksci.rept....8S},
      adsnote = {Provided by the SAO/NASA Astrophysics Data System}
}


@ARTICLE{KjeldsenBedding1995,
       author = {{Kjeldsen}, H. and {Bedding}, T.~R.},
        title = "{Amplitudes of stellar oscillations: the implications for asteroseismology.}",
      journal = {\aap},
     keywords = {SUN: OSCILLATIONS, STARS: INDIVIDUAL: \{ALPHA\} CEN, STARS: INDIVIDUAL: PROCYON, STARS: OSCILLATIONS, CEPHEIDS, \{DELTA\} SCT, Astrophysics},
         year = 1995,
        month = jan,
       volume = {293},
        pages = {87-106},
archivePrefix = {arXiv},
       eprint = {astro-ph/9403015},
 primaryClass = {astro-ph},
       adsurl = {https://ui.adsabs.harvard.edu/abs/1995A&A...293...87K},
      adsnote = {Provided by the SAO/NASA Astrophysics Data System}
}
@ARTICLE{Baran2021,
       author = {{Baran}, A.~S. and {Koen}, C.},
        title = "{A Detection Threshold in the Amplitude Spectra Calculated from TESS Time-Series Data}",
      journal = {\actaa},
     keywords = {Stars: variables: general, Techniques: photometric, Methods: data analysis, Astrophysics - Instrumentation and Methods for Astrophysics},
         year = 2021,
        month = jun,
       volume = {71},
       number = {2},
        pages = {113-121},
          doi = {10.32023/0001-5237/71.2.3},
archivePrefix = {arXiv},
       eprint = {2106.09718},
 primaryClass = {astro-ph.IM},
       adsurl = {https://ui.adsabs.harvard.edu/abs/2021AcA....71..113B},
      adsnote = {Provided by the SAO/NASA Astrophysics Data System}
}

@ARTICLE{Lomb1976,
       author = {{Lomb}, N.~R.},
        title = "{Least-Squares Frequency Analysis of Unequally Spaced Data}",
      journal = {\apss},
     keywords = {Astronomy, Data Reduction, Least Squares Method, Background Noise, Power Spectra, Sine Waves, Spectrum Analysis, Statistical Analysis, Variable Stars, Astronomy},
         year = 1976,
        month = feb,
       volume = {39},
       number = {2},
        pages = {447-462},
          doi = {10.1007/BF00648343},
       adsurl = {https://ui.adsabs.harvard.edu/abs/1976Ap&SS..39..447L},
      adsnote = {Provided by the SAO/NASA Astrophysics Data System}
}
@BOOK{Petit1987,
       author = {{Petit}, Michel},
        title = "{Variable stars}",
         year = 1987,
       adsurl = {https://ui.adsabs.harvard.edu/abs/1987vast.book.....P},
      adsnote = {Provided by the SAO/NASA Astrophysics Data System}
}

@ARTICLE{Kaye1999,
       author = {{Kaye}, Anthony B. and {Handler}, Gerald and {Krisciunas}, Kevin and {Poretti}, Ennio and {Zerbi}, Filippo M.},
        title = "{Gamma Doradus Stars: Defining a New Class of Pulsating Variables}",
      journal = {\pasp},
     keywords = {STARS: OSCILLATIONS, STARS: VARIABLES: OTHER, Astrophysics},
         year = 1999,
        month = jul,
       volume = {111},
       number = {761},
        pages = {840-844},
          doi = {10.1086/316399},
archivePrefix = {arXiv},
       eprint = {astro-ph/9905042},
 primaryClass = {astro-ph},
       adsurl = {https://ui.adsabs.harvard.edu/abs/1999PASP..111..840K},
      adsnote = {Provided by the SAO/NASA Astrophysics Data System}
}
@ARTICLE{astropy2018,
       author = {{Astropy Collaboration} and {Price-Whelan}, A.~M. and {Sip{\H{o}}cz}, B.~M. and {G{\"u}nther}, H.~M. and {Lim}, P.~L. and {Crawford}, S.~M. and {Conseil}, S. and {Shupe}, D.~L. and {Craig}, M.~W. and {Dencheva}, N. and {Ginsburg}, A. and {VanderPlas}, J.~T. and {Bradley}, L.~D. and {P{\'e}rez-Su{\'a}rez}, D. and {de Val-Borro}, M. and {Aldcroft}, T.~L. and {Cruz}, K.~L. and {Robitaille}, T.~P. and {Tollerud}, E.~J. and {Ardelean}, C. and {Babej}, T. and {Bach}, Y.~P. and {Bachetti}, M. and {Bakanov}, A.~V. and {Bamford}, S.~P. and {Barentsen}, G. and {Barmby}, P. and {Baumbach}, A. and {Berry}, K.~L. and {Biscani}, F. and {Boquien}, M. and {Bostroem}, K.~A. and {Bouma}, L.~G. and {Brammer}, G.~B. and {Bray}, E.~M. and {Breytenbach}, H. and {Buddelmeijer}, H. and {Burke}, D.~J. and {Calderone}, G. and {Cano Rodr{\'\i}guez}, J.~L. and {Cara}, M. and {Cardoso}, J.~V.~M. and {Cheedella}, S. and {Copin}, Y. and {Corrales}, L. and {Crichton}, D. and {D'Avella}, D. and {Deil}, C. and {Depagne}, {\'E}. and {Dietrich}, J.~P. and {Donath}, A. and {Droettboom}, M. and {Earl}, N. and {Erben}, T. and {Fabbro}, S. and {Ferreira}, L.~A. and {Finethy}, T. and {Fox}, R.~T. and {Garrison}, L.~H. and {Gibbons}, S.~L.~J. and {Goldstein}, D.~A. and {Gommers}, R. and {Greco}, J.~P. and {Greenfield}, P. and {Groener}, A.~M. and {Grollier}, F. and {Hagen}, A. and {Hirst}, P. and {Homeier}, D. and {Horton}, A.~J. and {Hosseinzadeh}, G. and {Hu}, L. and {Hunkeler}, J.~S. and {Ivezi{\'c}}, {\v{Z}}. and {Jain}, A. and {Jenness}, T. and {Kanarek}, G. and {Kendrew}, S. and {Kern}, N.~S. and {Kerzendorf}, W.~E. and {Khvalko}, A. and {King}, J. and {Kirkby}, D. and {Kulkarni}, A.~M. and {Kumar}, A. and {Lee}, A. and {Lenz}, D. and {Littlefair}, S.~P. and {Ma}, Z. and {Macleod}, D.~M. and {Mastropietro}, M. and {McCully}, C. and {Montagnac}, S. and {Morris}, B.~M. and {Mueller}, M. and {Mumford}, S.~J. and {Muna}, D. and {Murphy}, N.~A. and {Nelson}, S. and {Nguyen}, G.~H. and {Ninan}, J.~P. and {N{\"o}the}, M. and {Ogaz}, S. and {Oh}, S. and {Parejko}, J.~K. and {Parley}, N. and {Pascual}, S. and {Patil}, R. and {Patil}, A.~A. and {Plunkett}, A.~L. and {Prochaska}, J.~X. and {Rastogi}, T. and {Reddy Janga}, V. and {Sabater}, J. and {Sakurikar}, P. and {Seifert}, M. and {Sherbert}, L.~E. and {Sherwood-Taylor}, H. and {Shih}, A.~Y. and {Sick}, J. and {Silbiger}, M.~T. and {Singanamalla}, S. and {Singer}, L.~P. and {Sladen}, P.~H. and {Sooley}, K.~A. and {Sornarajah}, S. and {Streicher}, O. and {Teuben}, P. and {Thomas}, S.~W. and {Tremblay}, G.~R. and {Turner}, J.~E.~H. and {Terr{\'o}n}, V. and {van Kerkwijk}, M.~H. and {de la Vega}, A. and {Watkins}, L.~L. and {Weaver}, B.~A. and {Whitmore}, J.~B. and {Woillez}, J. and {Zabalza}, V. and {Astropy Contributors}},
        title = "{The Astropy Project: Building an Open-science Project and Status of the v2.0 Core Package}",
      journal = {\aj},
     keywords = {methods: data analysis, methods: miscellaneous, methods: statistical, reference systems, Astrophysics - Instrumentation and Methods for Astrophysics},
         year = 2018,
        month = sep,
       volume = {156},
       number = {3},
          eid = {123},
        pages = {123},
          doi = {10.3847/1538-3881/aabc4f},
archivePrefix = {arXiv},
       eprint = {1801.02634},
 primaryClass = {astro-ph.IM},
       adsurl = {https://ui.adsabs.harvard.edu/abs/2018AJ....156..123A},
      adsnote = {Provided by the SAO/NASA Astrophysics Data System}
}

@ARTICLE{astropy2013,
       author = {{Astropy Collaboration} and {Robitaille}, Thomas P. and {Tollerud}, Erik J. and {Greenfield}, Perry and {Droettboom}, Michael and {Bray}, Erik and {Aldcroft}, Tom and {Davis}, Matt and {Ginsburg}, Adam and {Price-Whelan}, Adrian M. and {Kerzendorf}, Wolfgang E. and {Conley}, Alexander and {Crighton}, Neil and {Barbary}, Kyle and {Muna}, Demitri and {Ferguson}, Henry and {Grollier}, Fr{\'e}d{\'e}ric and {Parikh}, Madhura M. and {Nair}, Prasanth H. and {Unther}, Hans M. and {Deil}, Christoph and {Woillez}, Julien and {Conseil}, Simon and {Kramer}, Roban and {Turner}, James E.~H. and {Singer}, Leo and {Fox}, Ryan and {Weaver}, Benjamin A. and {Zabalza}, Victor and {Edwards}, Zachary I. and {Azalee Bostroem}, K. and {Burke}, D.~J. and {Casey}, Andrew R. and {Crawford}, Steven M. and {Dencheva}, Nadia and {Ely}, Justin and {Jenness}, Tim and {Labrie}, Kathleen and {Lim}, Pey Lian and {Pierfederici}, Francesco and {Pontzen}, Andrew and {Ptak}, Andy and {Refsdal}, Brian and {Servillat}, Mathieu and {Streicher}, Ole},
        title = "{Astropy: A community Python package for astronomy}",
      journal = {\aap},
     keywords = {methods: data analysis, methods: miscellaneous, virtual observatory tools, Astrophysics - Instrumentation and Methods for Astrophysics},
         year = 2013,
        month = oct,
       volume = {558},
          eid = {A33},
        pages = {A33},
          doi = {10.1051/0004-6361/201322068},
archivePrefix = {arXiv},
       eprint = {1307.6212},
 primaryClass = {astro-ph.IM},
       adsurl = {https://ui.adsabs.harvard.edu/abs/2013A&A...558A..33A},
      adsnote = {Provided by the SAO/NASA Astrophysics Data System}
}

@BOOK{Houk1988mcts,
       author = {{Houk}, N. and {Smith-Moore}, M.},
        title = "{Michigan Catalogue of Two-dimensional Spectral Types for the HD Stars. Volume 4, Declinations -26{\textdegree}.0 to -12{\textdegree}.0.}",
         year = 1988,
       volume = {4},
       adsurl = {https://ui.adsabs.harvard.edu/abs/1988mcts.book.....H},
      adsnote = {Provided by the SAO/NASA Astrophysics Data System}
}

@BOOK{Houk1982mcts-hd115169,
       author = {{Houk}, N.},
        title = "{Michigan Catalogue of Two-dimensional Spectral Types for the HD stars. Volume\_3. Declinations -40\_{\textflorin}0 to -26\_{\textflorin}0.}",
         year = 1982,
       adsurl = {https://ui.adsabs.harvard.edu/abs/1982mcts.book.....H},
      adsnote = {Provided by the SAO/NASA Astrophysics Data System}
}
@ARTICLE{Crowley1969AJ,
       author = {{Cowley}, A. and {Cowley}, C. and {Jaschek}, M. and {Jaschek}, C.},
        title = "{A study of the bright A stars. I. A catalogue of spectral classifications.}",
      journal = {\aj},
         year = 1969,
        month = apr,
       volume = {74},
        pages = {375-406},
          doi = {10.1086/110819},
       adsurl = {https://ui.adsabs.harvard.edu/abs/1969AJ.....74..375C},
      adsnote = {Provided by the SAO/NASA Astrophysics Data System}
}
@ARTICLE{Keenan1989ApJS,
       author = {{Keenan}, Philip C. and {McNeil}, Raymond C.},
        title = "{The Perkins Catalog of Revised MK Types for the Cooler Stars}",
      journal = {\apjs},
     keywords = {Astronomical Catalogs, Late Stars, Stellar Spectra, Classifications, Spectrograms, Tables (Data), Astronomy, STARS: CATALOGS, STARS: LATE-TYPE, STARS: SPECTRAL CLASSIFICATION},
         year = 1989,
        month = oct,
       volume = {71},
        pages = {245},
          doi = {10.1086/191373},
       adsurl = {https://ui.adsabs.harvard.edu/abs/1989ApJS...71..245K},
      adsnote = {Provided by the SAO/NASA Astrophysics Data System}
}

@ARTICLE{Scaringi2021Nat,
       author = {{Scaringi}, S. and {de Martino}, D. and {Buckley}, D.~A.~H. and {Groot}, P.~J. and {Knigge}, C. and {Fratta}, M. and {I{\l}kiewicz}, K. and {Littlefield}, C. and {Papitto}, A.},
        title = "{An accreting white dwarf displaying fast transitional mode switching}",
      journal = {Nature Astronomy},
     keywords = {Astrophysics - Solar and Stellar Astrophysics, Astrophysics - High Energy Astrophysical Phenomena},
         year = 2021,
        month = oct,
          doi = {10.1038/s41550-021-01494-x},
archivePrefix = {arXiv},
       eprint = {2110.09124},
 primaryClass = {astro-ph.SR},
       adsurl = {https://ui.adsabs.harvard.edu/abs/2021NatAs.tmp..201S},
      adsnote = {Provided by the SAO/NASA Astrophysics Data System}
}

@ARTICLE{Swift2020,
       author = {{Evans}, P.~A. and {Page}, K.~L. and {Osborne}, J.~P. and {Beardmore}, A.~P. and {Willingale}, R. and {Burrows}, D.~N. and {Kennea}, J.~A. and {Perri}, M. and {Capalbi}, M. and {Tagliaferri}, G. and {Cenko}, S.~B.},
        title = "{2SXPS: An Improved and Expanded Swift X-Ray Telescope Point-source Catalog}",
      journal = {\apjs},
     keywords = {205, 1810, 1817, Astrophysics - Instrumentation and Methods for Astrophysics, Astrophysics - High Energy Astrophysical Phenomena},
         year = 2020,
        month = apr,
       volume = {247},
       number = {2},
          eid = {54},
        pages = {54},
          doi = {10.3847/1538-4365/ab7db9},
archivePrefix = {arXiv},
       eprint = {1911.11710},
 primaryClass = {astro-ph.IM},
       adsurl = {https://ui.adsabs.harvard.edu/abs/2020ApJS..247...54E},
      adsnote = {Provided by the SAO/NASA Astrophysics Data System}
}

@ARTICLE{Evans2020vizier,
       author = {{Evans}, P.~A. and {Page}, K.~L. and {Osborne}, J.~P. and {Beardmore}, A.~P. and {Willingale}, R. and {Burrows}, D.~N. and {Kennea}, J.~A. and {Perri}, M. and {Capalbi}, M. and {Tagliaferri}, G. and {Cenko}, S.~B.},
        title = "{VizieR Online Data Catalog: 2SXPS Swift X-ray telescope point source catalogue (Evans+, 2020)}",
      journal = {VizieR Online Data Catalog},
     keywords = {Swift},
         year = 2019,
        month = nov,
          eid = {IX/58},
        pages = {IX/58},
       adsurl = {https://ui.adsabs.harvard.edu/abs/2020yCat.9058....0E},
      adsnote = {Provided by the SAO/NASA Astrophysics Data System}
}

@ARTICLE{Aerts2021RvMP,
       author = {{Aerts}, C.},
        title = "{Probing the interior physics of stars through asteroseismology}",
      journal = {Reviews of Modern Physics},
     keywords = {Astrophysics - Solar and Stellar Astrophysics},
         year = 2021,
        month = jan,
       volume = {93},
       number = {1},
          eid = {015001},
        pages = {015001},
          doi = {10.1103/RevModPhys.93.015001},
archivePrefix = {arXiv},
       eprint = {1912.12300},
 primaryClass = {astro-ph.SR},
       adsurl = {https://ui.adsabs.harvard.edu/abs/2021RvMP...93a5001A},
      adsnote = {Provided by the SAO/NASA Astrophysics Data System}
}

@ARTICLE{Marinoni2016,
       author = {{Marinoni}, S. and {Pancino}, E. and {Altavilla}, G. and {Bellazzini}, M. and {Galleti}, S. and {Tessicini}, G. and {Valentini}, G. and {Cocozza}, G. and {Ragaini}, S. and {Braga}, V. and {Bragaglia}, A. and {Federici}, L. and {Schuster}, W.~J. and {Carrasco}, J.~M. and {Castro}, A. and {Figueras}, F. and {Jordi}, C.},
        title = "{The Gaia spectrophotometric standard stars survey - III. Short-term variability monitoring}",
      journal = {\mnras},
     keywords = {techniques: photometric, binaries: general, stars: variables: general, Astrophysics - Solar and Stellar Astrophysics},
         year = 2016,
        month = nov,
       volume = {462},
       number = {4},
        pages = {3616-3627},
          doi = {10.1093/mnras/stw1886},
archivePrefix = {arXiv},
       eprint = {1608.00759},
 primaryClass = {astro-ph.SR},
       adsurl = {https://ui.adsabs.harvard.edu/abs/2016MNRAS.462.3616M},
      adsnote = {Provided by the SAO/NASA Astrophysics Data System}
}

@ARTICLE{Cohen1992,
       author = {{Cohen}, Martin and {Walker}, Russell G. and {Witteborn}, Fred C.},
        title = "{Spectral Irradiance Calibration in the Infrared. II. alpha Tau and the recalibration of the IRAS Low resolution Spectrometer}",
      journal = {\aj},
     keywords = {Infrared Astronomy Satellite, Infrared Spectrometers, Instrument Compensation, Irradiance, Data Bases, Spaceborne Astronomy, Stellar Spectra, Astrophysics, INFRARED: GENERAL},
         year = 1992,
        month = nov,
       volume = {104},
        pages = {2030},
          doi = {10.1086/116379},
       adsurl = {https://ui.adsabs.harvard.edu/abs/1992AJ....104.2030C},
      adsnote = {Provided by the SAO/NASA Astrophysics Data System}
}

@ARTICLE{Price2002,
       author = {{Price}, S.~D. and {Sloan}, G.~C. and {Kraemer}, K.~E.},
        title = "{Artifacts at 4.5 and 8.0 Microns in Short-Wavelength Spectra from the Infrared Space Observatory}",
      journal = {\apjl},
     keywords = {Astronomical Data Bases: Miscellaneous, Methods: Data Analysis, Techniques: Spectroscopic, Astrophysics},
         year = 2002,
        month = jan,
       volume = {565},
       number = {1},
        pages = {L55-L58},
          doi = {10.1086/339055},
archivePrefix = {arXiv},
       eprint = {astro-ph/0112447},
 primaryClass = {astro-ph},
       adsurl = {https://ui.adsabs.harvard.edu/abs/2002ApJ...565L..55P},
      adsnote = {Provided by the SAO/NASA Astrophysics Data System}
}

@ARTICLE{oelkers2018,
       author = {{Oelkers}, Ryan J. and {Stassun}, Keivan G.},
        title = "{Precision Light Curves from TESS Full-frame Images: A Different Imaging Approach}",
      journal = {\aj},
     keywords = {catalogs, methods: data analysis, techniques: image processing, Astrophysics - Instrumentation and Methods for Astrophysics},
         year = 2018,
        month = sep,
       volume = {156},
       number = {3},
          eid = {132},
        pages = {132},
          doi = {10.3847/1538-3881/aad68e},
archivePrefix = {arXiv},
       eprint = {1803.02316},
 primaryClass = {astro-ph.IM},
       adsurl = {https://ui.adsabs.harvard.edu/abs/2018AJ....156..132O},
      adsnote = {Provided by the SAO/NASA Astrophysics Data System}
}

@ARTICLE{Furlan2017AJ,
       author = {{Furlan}, E. and {Ciardi}, D.~R. and {Everett}, M.~E. and {Saylors}, M. and {Teske}, J.~K. and {Horch}, E.~P. and {Howell}, S.~B. and {van Belle}, G.~T. and {Hirsch}, L.~A. and {Gautier}, T.~N., III and {Adams}, E.~R. and {Barrado}, D. and {Cartier}, K.~M.~S. and {Dressing}, C.~D. and {Dupree}, A.~K. and {Gilliland}, R.~L. and {Lillo-Box}, J. and {Lucas}, P.~W. and {Wang}, J.},
        title = "{The Kepler Follow-up Observation Program. I. A Catalog of Companions to Kepler Stars from High-Resolution Imaging}",
      journal = {\aj},
     keywords = {binaries: general, catalogs, planets and satellites: detection, surveys, techniques: high angular resolution, techniques: photometric, Astrophysics - Solar and Stellar Astrophysics},
         year = 2017,
        month = feb,
       volume = {153},
       number = {2},
          eid = {71},
        pages = {71},
          doi = {10.3847/1538-3881/153/2/71},
archivePrefix = {arXiv},
       eprint = {1612.02392},
 primaryClass = {astro-ph.SR},
       adsurl = {https://ui.adsabs.harvard.edu/abs/2017AJ....153...71F},
      adsnote = {Provided by the SAO/NASA Astrophysics Data System}
}

